price|quantity|type|timestamp
4738000|0.1982|0|2024-04-29 00:00:04
4737000|0.2077|0|2024-04-29 00:00:04
4735000|1.2821|0|2024-04-29 00:00:04
4734000|18.6487|0|2024-04-29 00:00:04
4733000|0.6649|0|2024-04-29 00:00:04
4740000|8.0044|1|2024-04-29 00:00:04
4742000|21.6129|1|2024-04-29 00:00:04
4743000|4.1022|1|2024-04-29 00:00:04
4744000|10.3309|1|2024-04-29 00:00:04
4745000|11.5718|1|2024-04-29 00:00:04
4737000|0.2077|0|2024-04-29 00:00:09
4735000|2.1185|0|2024-04-29 00:00:09
4734000|4.9202|0|2024-04-29 00:00:09
4733000|15.6649|0|2024-04-29 00:00:09
4732000|4.896|0|2024-04-29 00:00:09
4738000|0.8657|1|2024-04-29 00:00:09
4739000|3.5389|1|2024-04-29 00:00:09
4740000|11.5644|1|2024-04-29 00:00:09
4742000|24.5903|1|2024-04-29 00:00:09
4743000|4.4298|1|2024-04-29 00:00:09
4735000|3.5706|0|2024-04-29 00:00:14
4734000|1.3602|0|2024-04-29 00:00:14
4733000|16.0006|0|2024-04-29 00:00:14
4732000|4.56|0|2024-04-29 00:00:14
4731000|1.4176|0|2024-04-29 00:00:14
4737000|2.7922|1|2024-04-29 00:00:14
4738000|0.8657|1|2024-04-29 00:00:14
4740000|11.5644|1|2024-04-29 00:00:14
4741000|0.1022|1|2024-04-29 00:00:14
4742000|8.3829|1|2024-04-29 00:00:14
4736000|1.2422|0|2024-04-29 00:00:19
4735000|3.5706|0|2024-04-29 00:00:19
4734000|1.351|0|2024-04-29 00:00:19
4733000|15.6649|0|2024-04-29 00:00:19
4732000|4.56|0|2024-04-29 00:00:19
4737000|2.5686|1|2024-04-29 00:00:19
4740000|11.5655|1|2024-04-29 00:00:19
4741000|0.1022|1|2024-04-29 00:00:19
4742000|11.9429|1|2024-04-29 00:00:19
4743000|20.637|1|2024-04-29 00:00:19
4736000|1.2422|0|2024-04-29 00:00:24
4735000|3.5706|0|2024-04-29 00:00:24
4734000|1.351|0|2024-04-29 00:00:24
4733000|16.0007|0|2024-04-29 00:00:24
4732000|4.56|0|2024-04-29 00:00:24
4737000|0.565|1|2024-04-29 00:00:24
4740000|11.5655|1|2024-04-29 00:00:24
4741000|0.1032|1|2024-04-29 00:00:24
4742000|11.9429|1|2024-04-29 00:00:24
4743000|20.637|1|2024-04-29 00:00:24
4736000|1.2377|0|2024-04-29 00:00:29
4735000|3.5706|0|2024-04-29 00:00:29
4734000|1.351|0|2024-04-29 00:00:29
4733000|16.0007|0|2024-04-29 00:00:29
4732000|4.56|0|2024-04-29 00:00:29
4737000|0.6228|1|2024-04-29 00:00:29
4739000|3.56|1|2024-04-29 00:00:29
4740000|8.0055|1|2024-04-29 00:00:29
4741000|0.1032|1|2024-04-29 00:00:29
4742000|11.9429|1|2024-04-29 00:00:29
4736000|1.2377|0|2024-04-29 00:00:34
4735000|3.5706|0|2024-04-29 00:00:34
4734000|1.6869|0|2024-04-29 00:00:34
4733000|15.6649|0|2024-04-29 00:00:34
4732000|4.56|0|2024-04-29 00:00:34
4737000|0.5845|1|2024-04-29 00:00:34
4739000|3.56|1|2024-04-29 00:00:34
4740000|8.0055|1|2024-04-29 00:00:34
4741000|0.1032|1|2024-04-29 00:00:34
4742000|11.9429|1|2024-04-29 00:00:34
4736000|1.2377|0|2024-04-29 00:00:39
4735000|4.8331|0|2024-04-29 00:00:39
4734000|0.4249|0|2024-04-29 00:00:39
4733000|15.4572|0|2024-04-29 00:00:39
4732000|4.56|0|2024-04-29 00:00:39
4737000|0.4879|1|2024-04-29 00:00:39
4739000|3.56|1|2024-04-29 00:00:39
4740000|8.0055|1|2024-04-29 00:00:39
4741000|0.1032|1|2024-04-29 00:00:39
4742000|11.9439|1|2024-04-29 00:00:39
4735000|6.9443|0|2024-04-29 00:00:44
4734000|0.4242|0|2024-04-29 00:00:44
4733000|20.2242|0|2024-04-29 00:00:44
4732000|1.0|0|2024-04-29 00:00:44
4731000|1.4176|0|2024-04-29 00:00:44
4736000|0.4254|1|2024-04-29 00:00:44
4737000|0.0|1|2024-04-29 00:00:44
4740000|12.0655|1|2024-04-29 00:00:44
4741000|0.1032|1|2024-04-29 00:00:44
4742000|11.9439|1|2024-04-29 00:00:44
4736000|2.1079|0|2024-04-29 00:00:49
4735000|3.5706|0|2024-04-29 00:00:49
4734000|0.4242|0|2024-04-29 00:00:49
4733000|20.2242|0|2024-04-29 00:00:49
4732000|1.0|0|2024-04-29 00:00:49
4740000|12.0375|1|2024-04-29 00:00:49
4741000|0.1032|1|2024-04-29 00:00:49
4742000|8.9439|1|2024-04-29 00:00:49
4743000|18.4298|1|2024-04-29 00:00:49
4744000|11.538|1|2024-04-29 00:00:49
4736000|2.0973|0|2024-04-29 00:00:54
4735000|3.5706|0|2024-04-29 00:00:54
4734000|0.4242|0|2024-04-29 00:00:54
4733000|20.2242|0|2024-04-29 00:00:54
4732000|1.0|0|2024-04-29 00:00:54
4740000|12.0375|1|2024-04-29 00:00:54
4741000|0.1032|1|2024-04-29 00:00:54
4742000|8.9439|1|2024-04-29 00:00:54
4743000|18.4298|1|2024-04-29 00:00:54
4744000|11.538|1|2024-04-29 00:00:54
4736000|2.0973|0|2024-04-29 00:00:59
4735000|3.5706|0|2024-04-29 00:00:59
4734000|0.4242|0|2024-04-29 00:00:59
4733000|20.2242|0|2024-04-29 00:00:59
4732000|1.0|0|2024-04-29 00:00:59
4739000|3.0|1|2024-04-29 00:00:59
4740000|12.0375|1|2024-04-29 00:00:59
4741000|0.1032|1|2024-04-29 00:00:59
4742000|8.9439|1|2024-04-29 00:00:59
4743000|18.4298|1|2024-04-29 00:00:59
4736000|2.0951|0|2024-04-29 00:01:04
4735000|3.5706|0|2024-04-29 00:01:04
4734000|0.4242|0|2024-04-29 00:01:04
4733000|20.0172|0|2024-04-29 00:01:04
4732000|1.0|0|2024-04-29 00:01:04
4739000|2.5466|1|2024-04-29 00:01:04
4740000|8.4775|1|2024-04-29 00:01:04
4741000|0.1032|1|2024-04-29 00:01:04
4742000|3.6139|1|2024-04-29 00:01:04
4743000|18.4298|1|2024-04-29 00:01:04
4736000|20.2452|0|2024-04-29 00:01:09
4735000|3.5706|0|2024-04-29 00:01:09
4734000|1.0887|0|2024-04-29 00:01:09
4733000|1.4572|0|2024-04-29 00:01:09
4732000|6.33|0|2024-04-29 00:01:09
4739000|0.8922|1|2024-04-29 00:01:09
4740000|8.4775|1|2024-04-29 00:01:09
4741000|0.001|1|2024-04-29 00:01:09
4742000|3.6139|1|2024-04-29 00:01:09
4744000|7.5629|1|2024-04-29 00:01:09
4738000|3.5458|0|2024-04-29 00:01:14
4737000|4.7822|0|2024-04-29 00:01:14
4736000|15.0|0|2024-04-29 00:01:14
4735000|3.5706|0|2024-04-29 00:01:14
4734000|1.0887|0|2024-04-29 00:01:14
4740000|7.6573|1|2024-04-29 00:01:14
4741000|0.001|1|2024-04-29 00:01:14
4742000|3.6139|1|2024-04-29 00:01:14
4743000|0.1022|1|2024-04-29 00:01:14
4744000|22.5629|1|2024-04-29 00:01:14
4738000|0.3172|0|2024-04-29 00:01:19
4737000|7.0538|0|2024-04-29 00:01:19
4736000|15.0|0|2024-04-29 00:01:19
4735000|5.1024|0|2024-04-29 00:01:19
4734000|1.0761|0|2024-04-29 00:01:19
4740000|7.6573|1|2024-04-29 00:01:19
4741000|3.561|1|2024-04-29 00:01:19
4742000|0.0539|1|2024-04-29 00:01:19
4743000|0.1022|1|2024-04-29 00:01:19
4744000|22.5609|1|2024-04-29 00:01:19
4738000|2.4251|0|2024-04-29 00:01:24
4737000|2.6003|0|2024-04-29 00:01:24
4736000|19.346|0|2024-04-29 00:01:24
4735000|4.56|0|2024-04-29 00:01:24
4734000|1.0633|0|2024-04-29 00:01:24
4740000|7.6573|1|2024-04-29 00:01:24
4741000|0.001|1|2024-04-29 00:01:24
4742000|0.0539|1|2024-04-29 00:01:24
4743000|0.1022|1|2024-04-29 00:01:24
4744000|4.5609|1|2024-04-29 00:01:24
4738000|2.4251|0|2024-04-29 00:01:29
4737000|6.1603|0|2024-04-29 00:01:29
4736000|20.5523|0|2024-04-29 00:01:29
4735000|1.0|0|2024-04-29 00:01:29
4734000|1.0633|0|2024-04-29 00:01:29
4739000|0.0152|1|2024-04-29 00:01:29
4740000|7.645|1|2024-04-29 00:01:29
4741000|0.001|1|2024-04-29 00:01:29
4742000|0.0539|1|2024-04-29 00:01:29
4743000|3.6622|1|2024-04-29 00:01:29
4738000|2.4251|0|2024-04-29 00:01:34
4737000|6.1603|0|2024-04-29 00:01:34
4736000|20.5523|0|2024-04-29 00:01:34
4735000|1.0|0|2024-04-29 00:01:34
4734000|1.0633|0|2024-04-29 00:01:34
4739000|0.0152|1|2024-04-29 00:01:34
4740000|7.7307|1|2024-04-29 00:01:34
4741000|0.001|1|2024-04-29 00:01:34
4742000|0.0539|1|2024-04-29 00:01:34
4743000|3.6622|1|2024-04-29 00:01:34
4738000|5.9851|0|2024-04-29 00:01:39
4737000|1.3859|0|2024-04-29 00:01:39
4736000|20.5523|0|2024-04-29 00:01:39
4735000|1.0|0|2024-04-29 00:01:39
4734000|1.0633|0|2024-04-29 00:01:39
4740000|7.635|1|2024-04-29 00:01:39
4741000|0.001|1|2024-04-29 00:01:39
4742000|0.0539|1|2024-04-29 00:01:39
4743000|3.6622|1|2024-04-29 00:01:39
4744000|1.0009|1|2024-04-29 00:01:39
4738000|5.8269|0|2024-04-29 00:01:44
4737000|1.7213|0|2024-04-29 00:01:44
4736000|19.0106|0|2024-04-29 00:01:44
4735000|1.0|0|2024-04-29 00:01:44
4734000|1.0633|0|2024-04-29 00:01:44
4740000|7.635|1|2024-04-29 00:01:44
4741000|0.001|1|2024-04-29 00:01:44
4742000|0.0539|1|2024-04-29 00:01:44
4743000|3.6622|1|2024-04-29 00:01:44
4744000|1.0009|1|2024-04-29 00:01:44
4738000|5.829|0|2024-04-29 00:01:49
4737000|1.3859|0|2024-04-29 00:01:49
4736000|19.3463|0|2024-04-29 00:01:49
4735000|2.2063|0|2024-04-29 00:01:49
4734000|1.0633|0|2024-04-29 00:01:49
4740000|7.6327|1|2024-04-29 00:01:49
4741000|0.001|1|2024-04-29 00:01:49
4742000|3.6139|1|2024-04-29 00:01:49
4743000|0.1022|1|2024-04-29 00:01:49
4744000|1.0009|1|2024-04-29 00:01:49
4738000|0.1611|0|2024-04-29 00:01:54
4737000|5.6683|0|2024-04-29 00:01:54
4736000|1.9918|0|2024-04-29 00:01:54
4735000|19.7665|0|2024-04-29 00:01:54
4734000|1.0633|0|2024-04-29 00:01:54
4740000|7.3256|1|2024-04-29 00:01:54
4741000|0.001|1|2024-04-29 00:01:54
4742000|0.0539|1|2024-04-29 00:01:54
4743000|0.1022|1|2024-04-29 00:01:54
4744000|1.0009|1|2024-04-29 00:01:54
4738000|0.158|0|2024-04-29 00:01:59
4737000|5.6683|0|2024-04-29 00:01:59
4736000|0.4506|0|2024-04-29 00:01:59
4735000|20.1023|0|2024-04-29 00:01:59
4734000|1.0633|0|2024-04-29 00:01:59
4740000|7.3256|1|2024-04-29 00:01:59
4741000|0.001|1|2024-04-29 00:01:59
4742000|0.0539|1|2024-04-29 00:01:59
4743000|0.1022|1|2024-04-29 00:01:59
4744000|1.0009|1|2024-04-29 00:01:59
4737000|5.6683|0|2024-04-29 00:02:04
4736000|1.9927|0|2024-04-29 00:02:04
4735000|18.56|0|2024-04-29 00:02:04
4734000|1.0633|0|2024-04-29 00:02:04
4733000|1.4353|0|2024-04-29 00:02:04
4740000|7.3266|1|2024-04-29 00:02:04
4741000|0.001|1|2024-04-29 00:02:04
4742000|0.0539|1|2024-04-29 00:02:04
4743000|0.1022|1|2024-04-29 00:02:04
4744000|4.5609|1|2024-04-29 00:02:04
4739000|3.332|0|2024-04-29 00:02:08
4738000|5.1011|0|2024-04-29 00:02:08
4737000|18.56|0|2024-04-29 00:02:08
4736000|1.4506|0|2024-04-29 00:02:08
4735000|1.0|0|2024-04-29 00:02:08
4740000|2.6862|1|2024-04-29 00:02:08
4741000|0.001|1|2024-04-29 00:02:08
4742000|0.0539|1|2024-04-29 00:02:08
4744000|4.5609|1|2024-04-29 00:02:08
4745000|1.4818|1|2024-04-29 00:02:08
4740000|6.2198|0|2024-04-29 00:02:13
4739000|5.6573|0|2024-04-29 00:02:13
4738000|0.3354|0|2024-04-29 00:02:13
4737000|16.0|0|2024-04-29 00:02:13
4736000|1.0|0|2024-04-29 00:02:13
4741000|0.0023|1|2024-04-29 00:02:13
4742000|0.0094|1|2024-04-29 00:02:13
4744000|1.0009|1|2024-04-29 00:02:13
4745000|5.0398|1|2024-04-29 00:02:13
4746000|0.002|1|2024-04-29 00:02:13
4740000|7.5285|0|2024-04-29 00:02:18
4739000|1.0964|0|2024-04-29 00:02:18
4738000|0.645|0|2024-04-29 00:02:18
4737000|19.56|0|2024-04-29 00:02:18
4736000|1.0|0|2024-04-29 00:02:18
4741000|0.0|1|2024-04-29 00:02:18
4742000|0.0094|1|2024-04-29 00:02:18
4743000|0.001|1|2024-04-29 00:02:18
4744000|4.5609|1|2024-04-29 00:02:18
4745000|1.4798|1|2024-04-29 00:02:18
4741000|2.1083|0|2024-04-29 00:02:23
4740000|0.875|0|2024-04-29 00:02:23
4739000|2.4463|0|2024-04-29 00:02:23
4738000|3.56|0|2024-04-29 00:02:23
4737000|16.336|0|2024-04-29 00:02:23
4742000|0.0094|1|2024-04-29 00:02:23
4743000|3.561|1|2024-04-29 00:02:23
4744000|1.0009|1|2024-04-29 00:02:23
4745000|5.0398|1|2024-04-29 00:02:23
4746000|0.002|1|2024-04-29 00:02:23
4741000|1.7193|0|2024-04-29 00:02:28
4740000|0.875|0|2024-04-29 00:02:28
4739000|4.6564|0|2024-04-29 00:02:28
4738000|0.3356|0|2024-04-29 00:02:28
4737000|19.56|0|2024-04-29 00:02:28
4742000|0.0094|1|2024-04-29 00:02:28
4743000|0.001|1|2024-04-29 00:02:28
4744000|4.5609|1|2024-04-29 00:02:28
4745000|5.0398|1|2024-04-29 00:02:28
4746000|0.002|1|2024-04-29 00:02:28
4740000|2.9815|0|2024-04-29 00:02:33
4739000|5.0416|0|2024-04-29 00:02:33
4737000|18.8957|0|2024-04-29 00:02:33
4736000|6.33|0|2024-04-29 00:02:33
4735000|1.4232|0|2024-04-29 00:02:33
4741000|0.2001|1|2024-04-29 00:02:33
4742000|0.0094|1|2024-04-29 00:02:33
4743000|3.561|1|2024-04-29 00:02:33
4744000|1.0009|1|2024-04-29 00:02:33
4745000|5.0398|1|2024-04-29 00:02:33
4740000|0.875|0|2024-04-29 00:02:38
4739000|3.2029|0|2024-04-29 00:02:38
4738000|0.1206|0|2024-04-29 00:02:38
4737000|0.0504|0|2024-04-29 00:02:38
4736000|18.8955|0|2024-04-29 00:02:38
4741000|0.0053|1|2024-04-29 00:02:38
4742000|0.0094|1|2024-04-29 00:02:38
4743000|0.001|1|2024-04-29 00:02:38
4744000|18.5879|1|2024-04-29 00:02:38
4745000|4.4798|1|2024-04-29 00:02:38
4740000|0.875|0|2024-04-29 00:02:43
4739000|3.323|0|2024-04-29 00:02:43
4738000|0.0505|0|2024-04-29 00:02:43
4737000|0.3359|0|2024-04-29 00:02:43
4736000|15.0|0|2024-04-29 00:02:43
4741000|0.0053|1|2024-04-29 00:02:43
4742000|0.0094|1|2024-04-29 00:02:43
4743000|0.001|1|2024-04-29 00:02:43
4744000|1.0009|1|2024-04-29 00:02:43
4745000|9.4845|1|2024-04-29 00:02:43
4740000|3.1016|0|2024-04-29 00:02:48
4739000|16.0964|0|2024-04-29 00:02:48
4737000|0.3354|0|2024-04-29 00:02:48
4736000|1.0|0|2024-04-29 00:02:48
4735000|1.0046|0|2024-04-29 00:02:48
4741000|0.0|1|2024-04-29 00:02:48
4742000|0.0094|1|2024-04-29 00:02:48
4743000|0.001|1|2024-04-29 00:02:48
4744000|1.0009|1|2024-04-29 00:02:48
4745000|5.0398|1|2024-04-29 00:02:48
4740000|2.9811|0|2024-04-29 00:02:53
4739000|1.2169|0|2024-04-29 00:02:53
4738000|0.0583|0|2024-04-29 00:02:53
4737000|16.0|0|2024-04-29 00:02:53
4736000|1.336|0|2024-04-29 00:02:53
4741000|0.0|1|2024-04-29 00:02:53
4742000|0.0094|1|2024-04-29 00:02:53
4743000|0.001|1|2024-04-29 00:02:53
4744000|1.0009|1|2024-04-29 00:02:53
4745000|5.0398|1|2024-04-29 00:02:53
4740000|3.2781|0|2024-04-29 00:02:58
4739000|1.1539|0|2024-04-29 00:02:58
4738000|0.3357|0|2024-04-29 00:02:58
4737000|16.0|0|2024-04-29 00:02:58
4736000|1.0|0|2024-04-29 00:02:58
4741000|0.0|1|2024-04-29 00:02:58
4742000|0.0094|1|2024-04-29 00:02:58
4743000|0.001|1|2024-04-29 00:02:58
4744000|1.0009|1|2024-04-29 00:02:58
4745000|5.0398|1|2024-04-29 00:02:58
4740000|2.2266|0|2024-04-29 00:03:03
4739000|1.0964|0|2024-04-29 00:03:03
4738000|0.0575|0|2024-04-29 00:03:03
4737000|16.3357|0|2024-04-29 00:03:03
4736000|1.0|0|2024-04-29 00:03:03
4741000|0.0|1|2024-04-29 00:03:03
4742000|0.0094|1|2024-04-29 00:03:03
4743000|0.001|1|2024-04-29 00:03:03
4744000|1.0009|1|2024-04-29 00:03:03
4745000|5.0398|1|2024-04-29 00:03:03
4740000|2.2266|0|2024-04-29 00:03:08
4739000|16.0964|0|2024-04-29 00:03:08
4738000|0.3355|0|2024-04-29 00:03:08
4737000|1.0|0|2024-04-29 00:03:08
4736000|1.0|0|2024-04-29 00:03:08
4741000|0.0|1|2024-04-29 00:03:08
4742000|0.0094|1|2024-04-29 00:03:08
4743000|0.001|1|2024-04-29 00:03:08
4744000|1.0009|1|2024-04-29 00:03:08
4745000|1.4798|1|2024-04-29 00:03:08
4740000|2.1057|0|2024-04-29 00:03:13
4739000|2.302|0|2024-04-29 00:03:13
4738000|15.3357|0|2024-04-29 00:03:13
4737000|2.895|0|2024-04-29 00:03:13
4736000|1.4479|0|2024-04-29 00:03:13
4744000|0.9123|1|2024-04-29 00:03:13
4745000|2.9196|1|2024-04-29 00:03:13
4746000|18.6642|1|2024-04-29 00:03:13
4747000|0.0074|1|2024-04-29 00:03:13
4748000|4.4276|1|2024-04-29 00:03:13
4740000|1.4577|0|2024-04-29 00:03:18
4739000|3.1914|0|2024-04-29 00:03:18
4738000|16.2057|0|2024-04-29 00:03:18
4737000|2.895|0|2024-04-29 00:03:18
4736000|1.7835|0|2024-04-29 00:03:18
4744000|0.8557|1|2024-04-29 00:03:18
4745000|1.9196|1|2024-04-29 00:03:18
4746000|18.6622|1|2024-04-29 00:03:18
4747000|3.0074|1|2024-04-29 00:03:18
4748000|5.4276|1|2024-04-29 00:03:18
4740000|1.521|0|2024-04-29 00:03:23
4739000|4.223|0|2024-04-29 00:03:23
4738000|3.4335|0|2024-04-29 00:03:23
4737000|18.2304|0|2024-04-29 00:03:23
4736000|1.0|0|2024-04-29 00:03:23
4743000|3.0|1|2024-04-29 00:03:23
4744000|0.8557|1|2024-04-29 00:03:23
4745000|1.9196|1|2024-04-29 00:03:23
4746000|18.6622|1|2024-04-29 00:03:23
4747000|3.0074|1|2024-04-29 00:03:23
4740000|1.521|0|2024-04-29 00:03:28
4739000|1.0857|0|2024-04-29 00:03:28
4738000|3.4335|0|2024-04-29 00:03:28
4737000|16.3354|0|2024-04-29 00:03:28
4736000|1.0|0|2024-04-29 00:03:28
4743000|3.0|1|2024-04-29 00:03:28
4744000|0.8557|1|2024-04-29 00:03:28
4745000|1.9196|1|2024-04-29 00:03:28
4746000|18.6622|1|2024-04-29 00:03:28
4747000|3.0074|1|2024-04-29 00:03:28
4741000|3.1372|0|2024-04-29 00:03:33
4740000|17.7263|0|2024-04-29 00:03:33
4739000|1.4211|0|2024-04-29 00:03:33
4738000|2.2278|0|2024-04-29 00:03:33
4737000|1.0|0|2024-04-29 00:03:33
4743000|2.1843|1|2024-04-29 00:03:33
4744000|0.8557|1|2024-04-29 00:03:33
4745000|0.4798|1|2024-04-29 00:03:33
4746000|3.6622|1|2024-04-29 00:03:33
4747000|3.0054|1|2024-04-29 00:03:33
4741000|1.0311|0|2024-04-29 00:03:38
4740000|3.6275|0|2024-04-29 00:03:38
4739000|1.0857|0|2024-04-29 00:03:38
4738000|2.2278|0|2024-04-29 00:03:38
4737000|15.3354|0|2024-04-29 00:03:38
4743000|2.0169|1|2024-04-29 00:03:38
4744000|2.2825|1|2024-04-29 00:03:38
4745000|13.0621|1|2024-04-29 00:03:38
4746000|3.6622|1|2024-04-29 00:03:38
4747000|3.0074|1|2024-04-29 00:03:38
4741000|1.0311|0|2024-04-29 00:03:43
4740000|0.0632|0|2024-04-29 00:03:43
4739000|3.1922|0|2024-04-29 00:03:43
4738000|2.2278|0|2024-04-29 00:03:43
4736000|16.5423|0|2024-04-29 00:03:43
4743000|5.5119|1|2024-04-29 00:03:43
4744000|2.2825|1|2024-04-29 00:03:43
4745000|19.6221|1|2024-04-29 00:03:43
4746000|4.1022|1|2024-04-29 00:03:43
4747000|4.0054|1|2024-04-29 00:03:43
4740000|0.0632|0|2024-04-29 00:03:48
4739000|2.7515|0|2024-04-29 00:03:48
4738000|2.2278|0|2024-04-29 00:03:48
4737000|0.0833|0|2024-04-29 00:03:48
4736000|16.9847|0|2024-04-29 00:03:48
4743000|6.9387|1|2024-04-29 00:03:48
4744000|0.8557|1|2024-04-29 00:03:48
4745000|19.6221|1|2024-04-29 00:03:48
4746000|4.1022|1|2024-04-29 00:03:48
4747000|5.6658|1|2024-04-29 00:03:48
4740000|0.0566|0|2024-04-29 00:03:53
4739000|2.7515|0|2024-04-29 00:03:53
4738000|2.2278|0|2024-04-29 00:03:53
4736000|0.5258|0|2024-04-29 00:03:53
4735000|16.5467|0|2024-04-29 00:03:53
4743000|6.8529|1|2024-04-29 00:03:53
4744000|3.8557|1|2024-04-29 00:03:53
4745000|20.6221|1|2024-04-29 00:03:53
4746000|4.1022|1|2024-04-29 00:03:53
4747000|15.4528|1|2024-04-29 00:03:53
4740000|0.0566|0|2024-04-29 00:03:58
4739000|2.1065|0|2024-04-29 00:03:58
4738000|2.2278|0|2024-04-29 00:03:58
4736000|0.5258|0|2024-04-29 00:03:58
4735000|15.3402|0|2024-04-29 00:03:58
4741000|3.56|1|2024-04-29 00:03:58
4743000|6.2929|1|2024-04-29 00:03:58
4744000|4.8557|1|2024-04-29 00:03:58
4745000|21.8289|1|2024-04-29 00:03:58
4746000|4.1022|1|2024-04-29 00:03:58
4739000|2.1065|0|2024-04-29 00:04:03
4738000|2.2278|0|2024-04-29 00:04:03
4736000|0.5258|0|2024-04-29 00:04:03
4735000|15.0046|0|2024-04-29 00:04:03
4734000|0.4246|0|2024-04-29 00:04:03
4741000|7.0886|1|2024-04-29 00:04:03
4742000|3.0|1|2024-04-29 00:04:03
4743000|5.8661|1|2024-04-29 00:04:03
4744000|4.9579|1|2024-04-29 00:04:03
4745000|19.1691|1|2024-04-29 00:04:03
4738000|4.3348|0|2024-04-29 00:04:08
4735000|0.3404|0|2024-04-29 00:04:08
4734000|15.0886|0|2024-04-29 00:04:08
4733000|1.2107|0|2024-04-29 00:04:08
4732000|1.8997|0|2024-04-29 00:04:08
4741000|7.0886|1|2024-04-29 00:04:08
4742000|18.0|1|2024-04-29 00:04:08
4743000|5.8661|1|2024-04-29 00:04:08
4744000|6.1649|1|2024-04-29 00:04:08
4745000|6.5868|1|2024-04-29 00:04:08
4738000|4.3348|0|2024-04-29 00:04:12
4735000|0.4364|0|2024-04-29 00:04:12
4734000|15.0886|0|2024-04-29 00:04:12
4733000|1.2107|0|2024-04-29 00:04:12
4732000|1.8997|0|2024-04-29 00:04:12
4740000|2.9886|1|2024-04-29 00:04:12
4741000|7.0886|1|2024-04-29 00:04:12
4742000|3.0|1|2024-04-29 00:04:12
4743000|20.8682|1|2024-04-29 00:04:12
4744000|6.1649|1|2024-04-29 00:04:12
4738000|4.1171|0|2024-04-29 00:04:17
4736000|0.3357|0|2024-04-29 00:04:17
4735000|15.1006|0|2024-04-29 00:04:17
4734000|0.0886|0|2024-04-29 00:04:17
4733000|0.0037|0|2024-04-29 00:04:17
4740000|0.5718|1|2024-04-29 00:04:17
4741000|7.0886|1|2024-04-29 00:04:17
4742000|3.0|1|2024-04-29 00:04:17
4743000|5.8682|1|2024-04-29 00:04:17
4744000|19.9579|1|2024-04-29 00:04:17
4738000|4.1171|0|2024-04-29 00:04:22
4735000|15.1006|0|2024-04-29 00:04:22
4734000|0.4247|0|2024-04-29 00:04:22
4733000|0.0037|0|2024-04-29 00:04:22
4732000|1.8997|0|2024-04-29 00:04:22
4740000|0.4666|1|2024-04-29 00:04:22
4741000|7.0886|1|2024-04-29 00:04:22
4742000|3.0|1|2024-04-29 00:04:22
4743000|4.0021|1|2024-04-29 00:04:22
4744000|19.9579|1|2024-04-29 00:04:22
4738000|4.1171|0|2024-04-29 00:04:27
4735000|15.3407|0|2024-04-29 00:04:27
4734000|1.2954|0|2024-04-29 00:04:27
4733000|0.0037|0|2024-04-29 00:04:27
4732000|1.8997|0|2024-04-29 00:04:27
4739000|3.8661|1|2024-04-29 00:04:27
4740000|0.4666|1|2024-04-29 00:04:27
4741000|7.0886|1|2024-04-29 00:04:27
4742000|3.0|1|2024-04-29 00:04:27
4743000|4.0021|1|2024-04-29 00:04:27
4738000|4.1113|0|2024-04-29 00:04:32
4735000|15.3405|0|2024-04-29 00:04:32
4734000|0.0886|0|2024-04-29 00:04:32
4733000|0.0037|0|2024-04-29 00:04:32
4732000|1.8997|0|2024-04-29 00:04:32
4739000|1.5623|1|2024-04-29 00:04:32
4740000|0.4666|1|2024-04-29 00:04:32
4741000|7.12|1|2024-04-29 00:04:32
4742000|3.1022|1|2024-04-29 00:04:32
4743000|9.3321|1|2024-04-29 00:04:32
4738000|4.1113|0|2024-04-29 00:04:37
4735000|15.0046|0|2024-04-29 00:04:37
4734000|0.4243|0|2024-04-29 00:04:37
4733000|1.2108|0|2024-04-29 00:04:37
4732000|1.8997|0|2024-04-29 00:04:37
4739000|1.5089|1|2024-04-29 00:04:37
4740000|0.4666|1|2024-04-29 00:04:37
4741000|7.12|1|2024-04-29 00:04:37
4742000|3.1022|1|2024-04-29 00:04:37
4743000|9.3321|1|2024-04-29 00:04:37
4739000|0.606|0|2024-04-29 00:04:42
4738000|4.0333|0|2024-04-29 00:04:42
4735000|15.0046|0|2024-04-29 00:04:42
4734000|0.0886|0|2024-04-29 00:04:42
4733000|0.3445|0|2024-04-29 00:04:42
4740000|4.7667|1|2024-04-29 00:04:42
4741000|7.12|1|2024-04-29 00:04:42
4742000|3.1022|1|2024-04-29 00:04:42
4743000|9.3321|1|2024-04-29 00:04:42
4744000|19.8734|1|2024-04-29 00:04:42
4739000|0.4949|0|2024-04-29 00:04:47
4738000|4.0333|0|2024-04-29 00:04:47
4735000|15.0046|0|2024-04-29 00:04:47
4734000|1.232|0|2024-04-29 00:04:47
4733000|0.3448|0|2024-04-29 00:04:47
4740000|11.7756|1|2024-04-29 00:04:47
4742000|5.33|1|2024-04-29 00:04:47
4743000|8.4343|1|2024-04-29 00:04:47
4744000|19.8734|1|2024-04-29 00:04:47
4745000|11.0167|1|2024-04-29 00:04:47
4739000|0.4443|0|2024-04-29 00:04:52
4738000|4.0333|0|2024-04-29 00:04:52
4735000|15.0046|0|2024-04-29 00:04:52
4734000|0.0252|0|2024-04-29 00:04:52
4733000|0.3448|0|2024-04-29 00:04:52
4740000|11.6595|1|2024-04-29 00:04:52
4742000|5.33|1|2024-04-29 00:04:52
4743000|8.4343|1|2024-04-29 00:04:52
4744000|19.8557|1|2024-04-29 00:04:52
4745000|11.0167|1|2024-04-29 00:04:52
4739000|0.44|0|2024-04-29 00:04:57
4738000|4.0333|0|2024-04-29 00:04:57
4736000|0.2487|0|2024-04-29 00:04:57
4735000|15.0046|0|2024-04-29 00:04:57
4734000|0.3612|0|2024-04-29 00:04:57
4740000|0.7815|1|2024-04-29 00:04:57
4742000|1.414|1|2024-04-29 00:04:57
4743000|8.4343|1|2024-04-29 00:04:57
4744000|19.8557|1|2024-04-29 00:04:57
4745000|5.6867|1|2024-04-29 00:04:57
4739000|0.9858|0|2024-04-29 00:05:02
4738000|4.0333|0|2024-04-29 00:05:02
4736000|0.2487|0|2024-04-29 00:05:02
4735000|15.0046|0|2024-04-29 00:05:02
4734000|0.3612|0|2024-04-29 00:05:02
4740000|0.7292|1|2024-04-29 00:05:02
4742000|1.414|1|2024-04-29 00:05:02
4743000|13.7643|1|2024-04-29 00:05:02
4744000|19.8557|1|2024-04-29 00:05:02
4745000|5.6867|1|2024-04-29 00:05:02
4739000|0.9858|0|2024-04-29 00:05:07
4738000|4.0333|0|2024-04-29 00:05:07
4736000|0.2487|0|2024-04-29 00:05:07
4735000|15.0046|0|2024-04-29 00:05:07
4734000|0.3612|0|2024-04-29 00:05:07
4740000|0.7303|1|2024-04-29 00:05:07
4742000|1.414|1|2024-04-29 00:05:07
4743000|8.4343|1|2024-04-29 00:05:07
4744000|21.0625|1|2024-04-29 00:05:07
4745000|4.4798|1|2024-04-29 00:05:07
4739000|0.9858|0|2024-04-29 00:05:12
4738000|4.0333|0|2024-04-29 00:05:12
4736000|0.253|0|2024-04-29 00:05:12
4735000|15.0046|0|2024-04-29 00:05:12
4734000|0.0252|0|2024-04-29 00:05:12
4740000|0.748|1|2024-04-29 00:05:12
4742000|1.414|1|2024-04-29 00:05:12
4743000|8.4343|1|2024-04-29 00:05:12
4744000|21.0625|1|2024-04-29 00:05:12
4745000|4.4798|1|2024-04-29 00:05:12
4739000|0.9858|0|2024-04-29 00:05:17
4738000|4.0333|0|2024-04-29 00:05:17
4736000|0.253|0|2024-04-29 00:05:17
4735000|15.0046|0|2024-04-29 00:05:17
4734000|0.0252|0|2024-04-29 00:05:17
4740000|0.6208|1|2024-04-29 00:05:17
4742000|1.414|1|2024-04-29 00:05:17
4743000|9.6414|1|2024-04-29 00:05:17
4744000|23.4157|1|2024-04-29 00:05:17
4745000|4.815|1|2024-04-29 00:05:17
4739000|0.9809|0|2024-04-29 00:05:22
4738000|4.0333|0|2024-04-29 00:05:22
4736000|0.0043|0|2024-04-29 00:05:22
4735000|15.0046|0|2024-04-29 00:05:22
4734000|0.0252|0|2024-04-29 00:05:22
4740000|4.1808|1|2024-04-29 00:05:22
4742000|4.4281|1|2024-04-29 00:05:22
4743000|8.4343|1|2024-04-29 00:05:22
4744000|81.9351|1|2024-04-29 00:05:22
4745000|10.145|1|2024-04-29 00:05:22
4738000|4.0048|0|2024-04-29 00:05:27
4736000|0.0043|0|2024-04-29 00:05:27
4735000|0.0046|0|2024-04-29 00:05:27
4734000|0.5518|0|2024-04-29 00:05:27
4733000|15.3656|0|2024-04-29 00:05:27
4740000|10.006|1|2024-04-29 00:05:27
4742000|8.33|1|2024-04-29 00:05:27
4743000|4.1043|1|2024-04-29 00:05:27
4744000|81.9351|1|2024-04-29 00:05:27
4745000|4.9103|1|2024-04-29 00:05:27
4738000|0.2147|0|2024-04-29 00:05:32
4737000|2.107|0|2024-04-29 00:05:32
4736000|0.0043|0|2024-04-29 00:05:32
4735000|0.0046|0|2024-04-29 00:05:32
4734000|0.5518|0|2024-04-29 00:05:32
4740000|10.0012|1|2024-04-29 00:05:32
4742000|9.5374|1|2024-04-29 00:05:32
4743000|4.4043|1|2024-04-29 00:05:32
4744000|81.9351|1|2024-04-29 00:05:32
4745000|5.2454|1|2024-04-29 00:05:32
4736000|2.114|0|2024-04-29 00:05:37
4735000|0.0046|0|2024-04-29 00:05:37
4734000|0.0252|0|2024-04-29 00:05:37
4733000|15.03|0|2024-04-29 00:05:37
4732000|0.4494|0|2024-04-29 00:05:37
4739000|4.9993|1|2024-04-29 00:05:37
4740000|9.4076|1|2024-04-29 00:05:37
4741000|4.3098|1|2024-04-29 00:05:37
4742000|9.33|1|2024-04-29 00:05:37
4743000|61.4712|1|2024-04-29 00:05:37
4736000|2.114|0|2024-04-29 00:05:42
4735000|0.0046|0|2024-04-29 00:05:42
4734000|0.0252|0|2024-04-29 00:05:42
4733000|15.03|0|2024-04-29 00:05:42
4732000|0.5701|0|2024-04-29 00:05:42
4738000|7.12|1|2024-04-29 00:05:42
4740000|5.8476|1|2024-04-29 00:05:42
4741000|3.1022|1|2024-04-29 00:05:42
4742000|9.33|1|2024-04-29 00:05:42
4743000|61.4712|1|2024-04-29 00:05:42
4736000|2.114|0|2024-04-29 00:05:47
4735000|0.0046|0|2024-04-29 00:05:47
4734000|0.0252|0|2024-04-29 00:05:47
4733000|15.3661|0|2024-04-29 00:05:47
4732000|0.5701|0|2024-04-29 00:05:47
4737000|3.4311|1|2024-04-29 00:05:47
4738000|2.51|1|2024-04-29 00:05:47
4740000|5.8476|1|2024-04-29 00:05:47
4741000|3.1022|1|2024-04-29 00:05:47
4742000|10.5373|1|2024-04-29 00:05:47
4736000|1.7341|0|2024-04-29 00:05:52
4735000|0.0046|0|2024-04-29 00:05:52
4734000|0.0252|0|2024-04-29 00:05:52
4733000|15.03|0|2024-04-29 00:05:52
4732000|0.9062|0|2024-04-29 00:05:52
4737000|1.7142|1|2024-04-29 00:05:52
4738000|2.56|1|2024-04-29 00:05:52
4739000|1.442|1|2024-04-29 00:05:52
4740000|5.8476|1|2024-04-29 00:05:52
4741000|3.1022|1|2024-04-29 00:05:52
4736000|1.7341|0|2024-04-29 00:05:57
4735000|0.0046|0|2024-04-29 00:05:57
4734000|0.0252|0|2024-04-29 00:05:57
4733000|15.03|0|2024-04-29 00:05:57
4732000|0.9062|0|2024-04-29 00:05:57
4737000|1.5217|1|2024-04-29 00:05:57
4738000|2.56|1|2024-04-29 00:05:57
4739000|1.442|1|2024-04-29 00:05:57
4740000|5.8476|1|2024-04-29 00:05:57
4741000|3.1022|1|2024-04-29 00:05:57
4736000|1.7255|0|2024-04-29 00:06:02
4735000|0.0046|0|2024-04-29 00:06:02
4734000|0.0252|0|2024-04-29 00:06:02
4733000|15.03|0|2024-04-29 00:06:02
4732000|0.9062|0|2024-04-29 00:06:02
4738000|0.4568|1|2024-04-29 00:06:02
4739000|5.002|1|2024-04-29 00:06:02
4740000|5.83|1|2024-04-29 00:06:02
4741000|3.1022|1|2024-04-29 00:06:02
4742000|10.5374|1|2024-04-29 00:06:02
4736000|1.7255|0|2024-04-29 00:06:07
4735000|0.0046|0|2024-04-29 00:06:07
4734000|0.0252|0|2024-04-29 00:06:07
4733000|15.03|0|2024-04-29 00:06:07
4732000|0.5701|0|2024-04-29 00:06:07
4738000|3.61|1|2024-04-29 00:06:07
4739000|1.442|1|2024-04-29 00:06:07
4740000|0.5|1|2024-04-29 00:06:07
4741000|3.1022|1|2024-04-29 00:06:07
4742000|9.33|1|2024-04-29 00:06:07
4735000|0.0046|0|2024-04-29 00:06:12
4734000|0.0252|0|2024-04-29 00:06:12
4733000|0.03|0|2024-04-29 00:06:12
4732000|0.0034|0|2024-04-29 00:06:12
4731000|0.003|0|2024-04-29 00:06:12
4738000|1.4808|1|2024-04-29 00:06:12
4739000|19.0|1|2024-04-29 00:06:12
4740000|3.5|1|2024-04-29 00:06:12
4741000|4.5316|1|2024-04-29 00:06:12
4742000|4.3355|1|2024-04-29 00:06:12
4735000|0.0046|0|2024-04-29 00:06:17
4734000|0.0252|0|2024-04-29 00:06:17
4733000|0.03|0|2024-04-29 00:06:17
4732000|0.0034|0|2024-04-29 00:06:17
4731000|0.003|0|2024-04-29 00:06:17
4737000|1.5995|1|2024-04-29 00:06:17
4738000|3.05|1|2024-04-29 00:06:17
4739000|11.2222|1|2024-04-29 00:06:17
4740000|3.5|1|2024-04-29 00:06:17
4741000|4.4294|1|2024-04-29 00:06:17
4735000|0.0046|0|2024-04-29 00:06:22
4734000|0.0252|0|2024-04-29 00:06:22
4733000|0.03|0|2024-04-29 00:06:22
4732000|15.3696|0|2024-04-29 00:06:22
4731000|0.3389|0|2024-04-29 00:06:22
4737000|0.0479|1|2024-04-29 00:06:22
4738000|5.0408|1|2024-04-29 00:06:22
4739000|3.56|1|2024-04-29 00:06:22
4740000|3.5|1|2024-04-29 00:06:22
4741000|4.0|1|2024-04-29 00:06:22
4736000|0.0021|0|2024-04-29 00:06:27
4735000|0.0046|0|2024-04-29 00:06:27
4734000|0.0252|0|2024-04-29 00:06:27
4733000|0.03|0|2024-04-29 00:06:27
4732000|15.3696|0|2024-04-29 00:06:27
4737000|0.0479|1|2024-04-29 00:06:27
4738000|5.0408|1|2024-04-29 00:06:27
4739000|3.56|1|2024-04-29 00:06:27
4740000|3.7229|1|2024-04-29 00:06:27
4741000|4.0|1|2024-04-29 00:06:27
4736000|0.0021|0|2024-04-29 00:06:32
4735000|0.0046|0|2024-04-29 00:06:32
4734000|15.0252|0|2024-04-29 00:06:32
4733000|3.59|0|2024-04-29 00:06:32
4732000|0.3391|0|2024-04-29 00:06:32
4737000|0.0656|1|2024-04-29 00:06:32
4738000|3.61|1|2024-04-29 00:06:32
4739000|3.56|1|2024-04-29 00:06:32
4740000|0.6022|1|2024-04-29 00:06:32
4741000|3.0|1|2024-04-29 00:06:32
4736000|15.0021|0|2024-04-29 00:06:37
4735000|0.3403|0|2024-04-29 00:06:37
4734000|2.134|0|2024-04-29 00:06:37
4733000|3.59|0|2024-04-29 00:06:37
4732000|1.0034|0|2024-04-29 00:06:37
4737000|0.0656|1|2024-04-29 00:06:37
4738000|0.05|1|2024-04-29 00:06:37
4740000|0.5|1|2024-04-29 00:06:37
4741000|4.9908|1|2024-04-29 00:06:37
4742000|6.56|1|2024-04-29 00:06:37
4736000|15.0021|0|2024-04-29 00:06:41
4735000|3.5646|0|2024-04-29 00:06:41
4734000|2.134|0|2024-04-29 00:06:41
4733000|4.7969|0|2024-04-29 00:06:41
4732000|1.0034|0|2024-04-29 00:06:41
4737000|0.0656|1|2024-04-29 00:06:41
4738000|0.05|1|2024-04-29 00:06:41
4739000|3.56|1|2024-04-29 00:06:41
4740000|0.5|1|2024-04-29 00:06:41
4741000|1.4308|1|2024-04-29 00:06:41
4736000|15.0021|0|2024-04-29 00:06:46
4735000|6.0089|0|2024-04-29 00:06:46
4734000|1.2321|0|2024-04-29 00:06:46
4733000|4.59|0|2024-04-29 00:06:46
4732000|1.0034|0|2024-04-29 00:06:46
4737000|0.0787|1|2024-04-29 00:06:46
4738000|0.05|1|2024-04-29 00:06:46
4739000|3.56|1|2024-04-29 00:06:46
4740000|0.5|1|2024-04-29 00:06:46
4741000|1.4308|1|2024-04-29 00:06:46
4737000|0.021|0|2024-04-29 00:06:51
4736000|17.1109|0|2024-04-29 00:06:51
4735000|1.2111|0|2024-04-29 00:06:51
4734000|0.3611|0|2024-04-29 00:06:51
4733000|4.59|0|2024-04-29 00:06:51
4738000|0.05|1|2024-04-29 00:06:51
4740000|4.06|1|2024-04-29 00:06:51
4742000|4.9908|1|2024-04-29 00:06:51
4743000|3.0021|1|2024-04-29 00:06:51
4744000|3.8557|1|2024-04-29 00:06:51
4737000|8.1635|0|2024-04-29 00:06:56
4736000|15.3378|0|2024-04-29 00:06:56
4735000|4.5646|0|2024-04-29 00:06:56
4734000|1.4685|0|2024-04-29 00:06:56
4733000|6.36|0|2024-04-29 00:06:56
4740000|0.4224|1|2024-04-29 00:06:56
4742000|3.56|1|2024-04-29 00:06:56
4743000|0.0021|1|2024-04-29 00:06:56
4744000|5.8465|1|2024-04-29 00:06:56
4745000|3.4798|1|2024-04-29 00:06:56
4737000|6.9574|0|2024-04-29 00:07:01
4736000|16.5439|0|2024-04-29 00:07:01
4735000|4.5646|0|2024-04-29 00:07:01
4734000|1.4685|0|2024-04-29 00:07:01
4733000|6.36|0|2024-04-29 00:07:01
4740000|0.3836|1|2024-04-29 00:07:01
4742000|3.56|1|2024-04-29 00:07:01
4743000|1.4329|1|2024-04-29 00:07:01
4744000|4.4157|1|2024-04-29 00:07:01
4745000|3.4798|1|2024-04-29 00:07:01
4737000|6.9574|0|2024-04-29 00:07:06
4736000|16.5439|0|2024-04-29 00:07:06
4735000|4.5646|0|2024-04-29 00:07:06
4734000|1.4685|0|2024-04-29 00:07:06
4733000|6.36|0|2024-04-29 00:07:06
4740000|0.3295|1|2024-04-29 00:07:06
4742000|3.56|1|2024-04-29 00:07:06
4743000|1.4329|1|2024-04-29 00:07:06
4744000|4.4157|1|2024-04-29 00:07:06
4745000|3.4798|1|2024-04-29 00:07:06
4738000|5.6679|0|2024-04-29 00:07:11
4737000|2.7595|0|2024-04-29 00:07:11
4736000|15.0021|0|2024-04-29 00:07:11
4735000|4.5646|0|2024-04-29 00:07:11
4734000|1.4685|0|2024-04-29 00:07:11
4740000|0.0759|1|2024-04-29 00:07:11
4742000|3.56|1|2024-04-29 00:07:11
4743000|0.0021|1|2024-04-29 00:07:11
4744000|4.4168|1|2024-04-29 00:07:11
4745000|3.4798|1|2024-04-29 00:07:11
4738000|5.6679|0|2024-04-29 00:07:16
4737000|2.7594|0|2024-04-29 00:07:16
4736000|18.5621|0|2024-04-29 00:07:16
4735000|1.0046|0|2024-04-29 00:07:16
4734000|1.4685|0|2024-04-29 00:07:16
4740000|0.0759|1|2024-04-29 00:07:16
4742000|3.56|1|2024-04-29 00:07:16
4743000|0.0021|1|2024-04-29 00:07:16
4744000|4.4168|1|2024-04-29 00:07:16
4745000|3.4798|1|2024-04-29 00:07:16
4738000|6.8857|0|2024-04-29 00:07:21
4737000|0.336|0|2024-04-29 00:07:21
4736000|18.5621|0|2024-04-29 00:07:21
4735000|1.0046|0|2024-04-29 00:07:21
4734000|1.4685|0|2024-04-29 00:07:21
4740000|0.0759|1|2024-04-29 00:07:21
4743000|0.0021|1|2024-04-29 00:07:21
4744000|5.8426|1|2024-04-29 00:07:21
4745000|3.4798|1|2024-04-29 00:07:21
4746000|24.766|1|2024-04-29 00:07:21
4738000|8.0786|0|2024-04-29 00:07:26
4737000|0.336|0|2024-04-29 00:07:26
4736000|18.5621|0|2024-04-29 00:07:26
4735000|1.0046|0|2024-04-29 00:07:26
4734000|1.4685|0|2024-04-29 00:07:26
4740000|0.0192|1|2024-04-29 00:07:26
4743000|3.5621|1|2024-04-29 00:07:26
4744000|5.8426|1|2024-04-29 00:07:26
4745000|3.4798|1|2024-04-29 00:07:26
4746000|24.768|1|2024-04-29 00:07:26
4738000|6.8727|0|2024-04-29 00:07:31
4737000|0.336|0|2024-04-29 00:07:31
4736000|18.5621|0|2024-04-29 00:07:31
4735000|1.0046|0|2024-04-29 00:07:31
4734000|1.4685|0|2024-04-29 00:07:31
4740000|0.0129|1|2024-04-29 00:07:31
4743000|3.5621|1|2024-04-29 00:07:31
4744000|5.8426|1|2024-04-29 00:07:31
4745000|3.4798|1|2024-04-29 00:07:31
4746000|24.768|1|2024-04-29 00:07:31
4739000|3.3246|0|2024-04-29 00:07:36
4738000|7.4554|0|2024-04-29 00:07:36
4737000|0.4432|0|2024-04-29 00:07:36
4736000|16.0021|0|2024-04-29 00:07:36
4735000|1.0046|0|2024-04-29 00:07:36
4740000|1.7748|1|2024-04-29 00:07:36
4743000|0.0021|1|2024-04-29 00:07:36
4744000|0.8568|1|2024-04-29 00:07:36
4745000|1.9056|1|2024-04-29 00:07:36
4746000|21.562|1|2024-04-29 00:07:36
4740000|5.6665|0|2024-04-29 00:07:41
4739000|16.2055|0|2024-04-29 00:07:41
4738000|3.56|0|2024-04-29 00:07:41
4737000|0.7791|0|2024-04-29 00:07:41
4736000|6.3321|0|2024-04-29 00:07:41
4744000|0.7614|1|2024-04-29 00:07:41
4745000|1.9056|1|2024-04-29 00:07:41
4746000|21.6622|1|2024-04-29 00:07:41
4747000|4.0074|1|2024-04-29 00:07:41
4748000|5.4034|1|2024-04-29 00:07:41
4739000|5.6665|0|2024-04-29 00:07:46
4738000|3.56|0|2024-04-29 00:07:46
4737000|15.4432|0|2024-04-29 00:07:46
4736000|6.668|0|2024-04-29 00:07:46
4735000|6.7633|0|2024-04-29 00:07:46
4743000|3.56|1|2024-04-29 00:07:46
4744000|0.7614|1|2024-04-29 00:07:46
4745000|1.9056|1|2024-04-29 00:07:46
4746000|21.6622|1|2024-04-29 00:07:46
4747000|9.3374|1|2024-04-29 00:07:46
4739000|6.8721|0|2024-04-29 00:07:51
4738000|3.56|0|2024-04-29 00:07:51
4737000|15.4432|0|2024-04-29 00:07:51
4736000|6.668|0|2024-04-29 00:07:51
4735000|6.7633|0|2024-04-29 00:07:51
4744000|4.3214|1|2024-04-29 00:07:51
4745000|1.9056|1|2024-04-29 00:07:51
4746000|21.6622|1|2024-04-29 00:07:51
4747000|9.3374|1|2024-04-29 00:07:51
4748000|5.7386|1|2024-04-29 00:07:51
4739000|6.8722|0|2024-04-29 00:07:56
4738000|3.56|0|2024-04-29 00:07:56
4737000|15.4432|0|2024-04-29 00:07:56
4736000|6.668|0|2024-04-29 00:07:56
4735000|6.7587|0|2024-04-29 00:07:56
4744000|4.3091|1|2024-04-29 00:07:56
4745000|1.9056|1|2024-04-29 00:07:56
4746000|21.6622|1|2024-04-29 00:07:56
4747000|9.3354|1|2024-04-29 00:07:56
4748000|5.736|1|2024-04-29 00:07:56
4741000|6.8989|0|2024-04-29 00:08:01
4740000|15.0|0|2024-04-29 00:08:01
4739000|3.6608|0|2024-04-29 00:08:01
4738000|0.3354|0|2024-04-29 00:08:01
4737000|1.4432|0|2024-04-29 00:08:01
4743000|0.0211|1|2024-04-29 00:08:01
4744000|0.7092|1|2024-04-29 00:08:01
4745000|0.4798|1|2024-04-29 00:08:01
4746000|3.6622|1|2024-04-29 00:08:01
4747000|3.0074|1|2024-04-29 00:08:01
4742000|4.2692|0|2024-04-29 00:08:06
4741000|3.3389|0|2024-04-29 00:08:06
4740000|19.6521|0|2024-04-29 00:08:06
4739000|0.4365|0|2024-04-29 00:08:06
4738000|1.0|0|2024-04-29 00:08:06
4743000|0.0|1|2024-04-29 00:08:06
4744000|0.7092|1|2024-04-29 00:08:06
4745000|0.4798|1|2024-04-29 00:08:06
4747000|5.0073|1|2024-04-29 00:08:06
4748000|7.9614|1|2024-04-29 00:08:06
4742000|4.2692|0|2024-04-29 00:08:11
4741000|2.1065|0|2024-04-29 00:08:11
4740000|19.6521|0|2024-04-29 00:08:11
4739000|0.1008|0|2024-04-29 00:08:11
4738000|1.3355|0|2024-04-29 00:08:11
4743000|0.0|1|2024-04-29 00:08:11
4744000|0.6092|1|2024-04-29 00:08:11
4745000|0.4798|1|2024-04-29 00:08:11
4746000|3.56|1|2024-04-29 00:08:11
4747000|1.4493|1|2024-04-29 00:08:11
4742000|4.1692|0|2024-04-29 00:08:16
4741000|2.1065|0|2024-04-29 00:08:16
4740000|19.6521|0|2024-04-29 00:08:16
4739000|0.4365|0|2024-04-29 00:08:16
4738000|1.0|0|2024-04-29 00:08:16
4743000|0.0|1|2024-04-29 00:08:16
4744000|0.6092|1|2024-04-29 00:08:16
4745000|0.4798|1|2024-04-29 00:08:16
4746000|3.56|1|2024-04-29 00:08:16
4747000|1.4493|1|2024-04-29 00:08:16
4742000|2.1065|0|2024-04-29 00:08:21
4741000|4.7871|0|2024-04-29 00:08:21
4740000|19.6521|0|2024-04-29 00:08:21
4739000|0.4365|0|2024-04-29 00:08:21
4738000|1.0|0|2024-04-29 00:08:21
4744000|0.0792|1|2024-04-29 00:08:21
4745000|0.4798|1|2024-04-29 00:08:21
4747000|0.0074|1|2024-04-29 00:08:21
4748000|7.9634|1|2024-04-29 00:08:21
4749000|19.0221|1|2024-04-29 00:08:21
4741000|5.6661|0|2024-04-29 00:08:26
4740000|0.4471|0|2024-04-29 00:08:26
4739000|15.1008|0|2024-04-29 00:08:26
4738000|4.8957|0|2024-04-29 00:08:26
4737000|1.0|0|2024-04-29 00:08:26
4744000|0.0509|1|2024-04-29 00:08:26
4745000|0.4798|1|2024-04-29 00:08:26
4746000|3.56|1|2024-04-29 00:08:26
4747000|1.4418|1|2024-04-29 00:08:26
4748000|7.9634|1|2024-04-29 00:08:26
4741000|6.8712|0|2024-04-29 00:08:31
4740000|0.4471|0|2024-04-29 00:08:31
4739000|18.6608|0|2024-04-29 00:08:31
4738000|0.3357|0|2024-04-29 00:08:31
4737000|1.0|0|2024-04-29 00:08:31
4744000|0.002|1|2024-04-29 00:08:31
4745000|0.4798|1|2024-04-29 00:08:31
4746000|3.56|1|2024-04-29 00:08:31
4747000|1.4418|1|2024-04-29 00:08:31
4748000|7.9634|1|2024-04-29 00:08:31
4741000|6.8712|0|2024-04-29 00:08:35
4740000|0.4471|0|2024-04-29 00:08:35
4739000|18.6608|0|2024-04-29 00:08:35
4738000|0.3357|0|2024-04-29 00:08:35
4737000|1.0|0|2024-04-29 00:08:35
4744000|0.002|1|2024-04-29 00:08:35
4745000|0.4798|1|2024-04-29 00:08:35
4746000|3.56|1|2024-04-29 00:08:35
4747000|1.4418|1|2024-04-29 00:08:35
4748000|7.9634|1|2024-04-29 00:08:35
4741000|6.8712|0|2024-04-29 00:08:40
4740000|0.4471|0|2024-04-29 00:08:40
4739000|18.6608|0|2024-04-29 00:08:40
4738000|0.3357|0|2024-04-29 00:08:40
4737000|1.0|0|2024-04-29 00:08:40
4744000|0.002|1|2024-04-29 00:08:40
4745000|0.4798|1|2024-04-29 00:08:40
4746000|3.56|1|2024-04-29 00:08:40
4747000|4.4418|1|2024-04-29 00:08:40
4748000|7.9634|1|2024-04-29 00:08:40
4741000|2.7511|0|2024-04-29 00:08:45
4740000|5.2337|0|2024-04-29 00:08:45
4739000|18.6608|0|2024-04-29 00:08:45
4738000|0.3353|0|2024-04-29 00:08:45
4737000|1.0|0|2024-04-29 00:08:45
4744000|1.3097|1|2024-04-29 00:08:45
4745000|0.4798|1|2024-04-29 00:08:45
4747000|4.4418|1|2024-04-29 00:08:45
4748000|8.9634|1|2024-04-29 00:08:45
4749000|19.4735|1|2024-04-29 00:08:45
4742000|3.56|0|2024-04-29 00:08:50
4741000|2.8143|0|2024-04-29 00:08:50
4740000|0.4471|0|2024-04-29 00:08:50
4739000|18.6608|0|2024-04-29 00:08:50
4738000|0.3353|0|2024-04-29 00:08:50
4744000|1.3097|1|2024-04-29 00:08:50
4745000|0.4798|1|2024-04-29 00:08:50
4747000|8.0018|1|2024-04-29 00:08:50
4748000|5.4014|1|2024-04-29 00:08:50
4749000|19.4715|1|2024-04-29 00:08:50
4742000|3.56|0|2024-04-29 00:08:55
4741000|4.0194|0|2024-04-29 00:08:55
4740000|0.4471|0|2024-04-29 00:08:55
4739000|18.6608|0|2024-04-29 00:08:55
4738000|0.3353|0|2024-04-29 00:08:55
4744000|1.0267|1|2024-04-29 00:08:55
4745000|0.4798|1|2024-04-29 00:08:55
4747000|8.0018|1|2024-04-29 00:08:55
4748000|8.9634|1|2024-04-29 00:08:55
4749000|19.4735|1|2024-04-29 00:08:55
4744000|1.9732|0|2024-04-29 00:09:00
4742000|3.56|0|2024-04-29 00:09:00
4741000|3.3739|0|2024-04-29 00:09:00
4740000|0.4471|0|2024-04-29 00:09:00
4739000|18.6608|0|2024-04-29 00:09:00
4745000|0.4446|1|2024-04-29 00:09:00
4746000|3.56|1|2024-04-29 00:09:00
4747000|4.4418|1|2024-04-29 00:09:00
4748000|9.0636|1|2024-04-29 00:09:00
4749000|19.0201|1|2024-04-29 00:09:00
4744000|1.9418|0|2024-04-29 00:09:05
4742000|3.56|0|2024-04-29 00:09:05
4741000|1.2682|0|2024-04-29 00:09:05
4740000|0.4471|0|2024-04-29 00:09:05
4739000|18.6608|0|2024-04-29 00:09:05
4745000|0.3455|1|2024-04-29 00:09:05
4746000|3.56|1|2024-04-29 00:09:05
4747000|4.4418|1|2024-04-29 00:09:05
4748000|9.0656|1|2024-04-29 00:09:05
4749000|19.3567|1|2024-04-29 00:09:05
4744000|1.9272|0|2024-04-29 00:09:10
4741000|1.2682|0|2024-04-29 00:09:10
4740000|0.4471|0|2024-04-29 00:09:10
4739000|18.6608|0|2024-04-29 00:09:10
4737000|1.7716|0|2024-04-29 00:09:10
4745000|0.3455|1|2024-04-29 00:09:10
4747000|4.4438|1|2024-04-29 00:09:10
4748000|9.0656|1|2024-04-29 00:09:10
4749000|19.3572|1|2024-04-29 00:09:10
4750000|11.302|1|2024-04-29 00:09:10
4744000|1.8357|0|2024-04-29 00:09:15
4743000|2.1057|0|2024-04-29 00:09:15
4742000|15.0|0|2024-04-29 00:09:15
4741000|3.6232|0|2024-04-29 00:09:15
4740000|4.0071|0|2024-04-29 00:09:15
4745000|0.3455|1|2024-04-29 00:09:15
4747000|0.0074|1|2024-04-29 00:09:15
4748000|5.8417|1|2024-04-29 00:09:15
4749000|4.0221|1|2024-04-29 00:09:15
4750000|24.8669|1|2024-04-29 00:09:15
4744000|1.8357|0|2024-04-29 00:09:20
4743000|3.56|0|2024-04-29 00:09:20
4742000|17.1057|0|2024-04-29 00:09:20
4741000|3.6232|0|2024-04-29 00:09:20
4740000|0.4471|0|2024-04-29 00:09:20
4745000|0.3455|1|2024-04-29 00:09:20
4747000|0.0074|1|2024-04-29 00:09:20
4748000|5.8417|1|2024-04-29 00:09:20
4749000|7.5821|1|2024-04-29 00:09:20
4750000|24.8669|1|2024-04-29 00:09:20
4744000|1.8357|0|2024-04-29 00:09:25
4743000|3.3103|0|2024-04-29 00:09:25
4741000|15.0632|0|2024-04-29 00:09:25
4740000|0.4471|0|2024-04-29 00:09:25
4739000|8.9908|0|2024-04-29 00:09:25
4745000|0.3455|1|2024-04-29 00:09:25
4747000|0.0074|1|2024-04-29 00:09:25
4748000|5.8417|1|2024-04-29 00:09:25
4749000|4.0221|1|2024-04-29 00:09:25
4750000|21.3069|1|2024-04-29 00:09:25
4744000|1.7797|0|2024-04-29 00:09:30
4742000|2.1057|0|2024-04-29 00:09:30
4741000|18.6232|0|2024-04-29 00:09:30
4740000|0.4471|0|2024-04-29 00:09:30
4739000|3.6608|0|2024-04-29 00:09:30
4745000|0.3455|1|2024-04-29 00:09:30
4747000|0.0074|1|2024-04-29 00:09:30
4748000|5.8417|1|2024-04-29 00:09:30
4749000|4.3571|1|2024-04-29 00:09:30
4750000|24.532|1|2024-04-29 00:09:30
4744000|1.7376|0|2024-04-29 00:09:35
4743000|3.56|0|2024-04-29 00:09:35
4742000|3.3105|0|2024-04-29 00:09:35
4741000|18.6232|0|2024-04-29 00:09:35
4740000|0.4471|0|2024-04-29 00:09:35
4745000|0.3455|1|2024-04-29 00:09:35
4747000|0.0054|1|2024-04-29 00:09:35
4748000|9.4017|1|2024-04-29 00:09:35
4749000|4.3571|1|2024-04-29 00:09:35
4750000|24.532|1|2024-04-29 00:09:35
4744000|1.7376|0|2024-04-29 00:09:40
4743000|5.2133|0|2024-04-29 00:09:40
4741000|18.6232|0|2024-04-29 00:09:40
4739000|5.4308|0|2024-04-29 00:09:40
4738000|6.33|0|2024-04-29 00:09:40
4745000|0.3455|1|2024-04-29 00:09:40
4747000|0.0074|1|2024-04-29 00:09:40
4748000|9.4017|1|2024-04-29 00:09:40
4749000|4.0221|1|2024-04-29 00:09:40
4750000|9.532|1|2024-04-29 00:09:40
4744000|1.6905|0|2024-04-29 00:09:45
4743000|5.2131|0|2024-04-29 00:09:45
4741000|15.0632|0|2024-04-29 00:09:45
4740000|3.56|0|2024-04-29 00:09:45
4739000|5.4308|0|2024-04-29 00:09:45
4745000|0.2905|1|2024-04-29 00:09:45
4747000|0.0054|1|2024-04-29 00:09:45
4748000|5.8397|1|2024-04-29 00:09:45
4749000|4.3549|1|2024-04-29 00:09:45
4750000|9.532|1|2024-04-29 00:09:45
4744000|1.7422|0|2024-04-29 00:09:50
4743000|5.2131|0|2024-04-29 00:09:50
4742000|5.6657|0|2024-04-29 00:09:50
4741000|15.0632|0|2024-04-29 00:09:50
4739000|5.4308|0|2024-04-29 00:09:50
4745000|0.2905|1|2024-04-29 00:09:50
4747000|0.0074|1|2024-04-29 00:09:50
4748000|5.8417|1|2024-04-29 00:09:50
4749000|4.3569|1|2024-04-29 00:09:50
4750000|9.532|1|2024-04-29 00:09:50
4744000|2.9465|0|2024-04-29 00:09:55
4743000|7.5687|0|2024-04-29 00:09:55
4742000|2.1057|0|2024-04-29 00:09:55
4741000|15.0632|0|2024-04-29 00:09:55
4739000|6.4308|0|2024-04-29 00:09:55
4745000|0.1726|1|2024-04-29 00:09:55
4747000|0.0054|1|2024-04-29 00:09:55
4748000|1.4014|1|2024-04-29 00:09:55
4749000|4.4584|1|2024-04-29 00:09:55
4750000|9.864|1|2024-04-29 00:09:55
4744000|23.6122|0|2024-04-29 00:10:00
4743000|0.4487|0|2024-04-29 00:10:00
4741000|0.0632|0|2024-04-29 00:10:00
4739000|6.8679|0|2024-04-29 00:10:00
4738000|17.1056|0|2024-04-29 00:10:00
4745000|0.0|1|2024-04-29 00:10:00
4747000|0.0054|1|2024-04-29 00:10:00
4748000|1.4034|1|2024-04-29 00:10:00
4749000|3.0221|1|2024-04-29 00:10:00
4750000|4.971|1|2024-04-29 00:10:00
4745000|4.5376|0|2024-04-29 00:10:05
4744000|17.3872|0|2024-04-29 00:10:05
4743000|0.4487|0|2024-04-29 00:10:05
4741000|0.0632|0|2024-04-29 00:10:05
4739000|6.8679|0|2024-04-29 00:10:05
4747000|0.0054|1|2024-04-29 00:10:05
4748000|1.4014|1|2024-04-29 00:10:05
4749000|0.0201|1|2024-04-29 00:10:05
4750000|8.529|1|2024-04-29 00:10:05
4751000|4.3367|1|2024-04-29 00:10:05
4745000|2.6421|0|2024-04-29 00:10:10
4744000|3.5526|0|2024-04-29 00:10:10
4743000|3.7584|0|2024-04-29 00:10:10
4742000|18.56|0|2024-04-29 00:10:10
4741000|0.0632|0|2024-04-29 00:10:10
4747000|0.0054|1|2024-04-29 00:10:10
4748000|1.4034|1|2024-04-29 00:10:10
4749000|3.0221|1|2024-04-29 00:10:10
4750000|6.408|1|2024-04-29 00:10:10
4751000|7.5651|1|2024-04-29 00:10:10
4745000|2.6421|0|2024-04-29 00:10:15
4744000|7.1126|0|2024-04-29 00:10:15
4743000|3.7584|0|2024-04-29 00:10:15
4742000|15.0|0|2024-04-29 00:10:15
4741000|0.0632|0|2024-04-29 00:10:15
4747000|0.0054|1|2024-04-29 00:10:15
4748000|1.4034|1|2024-04-29 00:10:15
4749000|3.0221|1|2024-04-29 00:10:15
4750000|24.968|1|2024-04-29 00:10:15
4751000|4.0051|1|2024-04-29 00:10:15
4745000|2.6335|0|2024-04-29 00:10:20
4744000|2.3872|0|2024-04-29 00:10:20
4743000|2.5539|0|2024-04-29 00:10:20
4742000|4.7648|0|2024-04-29 00:10:20
4741000|18.6232|0|2024-04-29 00:10:20
4747000|3.5654|1|2024-04-29 00:10:20
4748000|4.4034|1|2024-04-29 00:10:20
4749000|7.9172|1|2024-04-29 00:10:20
4750000|21.0732|1|2024-04-29 00:10:20
4751000|4.0051|1|2024-04-29 00:10:20
4745000|2.6335|0|2024-04-29 00:10:25
4744000|2.3872|0|2024-04-29 00:10:25
4743000|2.5549|0|2024-04-29 00:10:25
4742000|1.2048|0|2024-04-29 00:10:25
4741000|18.6232|0|2024-04-29 00:10:25
4747000|6.5654|1|2024-04-29 00:10:25
4748000|4.4034|1|2024-04-29 00:10:25
4749000|7.9169|1|2024-04-29 00:10:25
4750000|21.0732|1|2024-04-29 00:10:25
4751000|4.0051|1|2024-04-29 00:10:25
4745000|2.6335|0|2024-04-29 00:10:30
4744000|2.3872|0|2024-04-29 00:10:30
4743000|0.4497|0|2024-04-29 00:10:30
4742000|1.2049|0|2024-04-29 00:10:30
4741000|18.6232|0|2024-04-29 00:10:30
4747000|6.5654|1|2024-04-29 00:10:30
4748000|4.4034|1|2024-04-29 00:10:30
4749000|7.9169|1|2024-04-29 00:10:30
4750000|21.0732|1|2024-04-29 00:10:30
4751000|9.3351|1|2024-04-29 00:10:30
4745000|1.8835|0|2024-04-29 00:10:34
4744000|2.3872|0|2024-04-29 00:10:34
4743000|2.5549|0|2024-04-29 00:10:34
4741000|19.8282|0|2024-04-29 00:10:34
4740000|10.0|0|2024-04-29 00:10:34
4747000|6.5654|1|2024-04-29 00:10:34
4748000|4.4034|1|2024-04-29 00:10:34
4749000|7.917|1|2024-04-29 00:10:34
4750000|21.0732|1|2024-04-29 00:10:34
4751000|9.3351|1|2024-04-29 00:10:34
4745000|1.8626|0|2024-04-29 00:10:39
4744000|2.3872|0|2024-04-29 00:10:39
4743000|0.4497|0|2024-04-29 00:10:39
4742000|1.2049|0|2024-04-29 00:10:39
4741000|18.6232|0|2024-04-29 00:10:39
4747000|6.5665|1|2024-04-29 00:10:39
4748000|4.4034|1|2024-04-29 00:10:39
4749000|7.917|1|2024-04-29 00:10:39
4750000|21.0732|1|2024-04-29 00:10:39
4751000|9.3351|1|2024-04-29 00:10:39
4745000|1.8626|0|2024-04-29 00:10:44
4744000|1.7422|0|2024-04-29 00:10:44
4743000|0.4497|0|2024-04-29 00:10:44
4742000|1.2049|0|2024-04-29 00:10:44
4741000|18.6232|0|2024-04-29 00:10:44
4747000|6.5246|1|2024-04-29 00:10:44
4748000|4.4034|1|2024-04-29 00:10:44
4749000|7.5821|1|2024-04-29 00:10:44
4750000|21.0732|1|2024-04-29 00:10:44
4751000|9.3351|1|2024-04-29 00:10:44
4745000|1.8478|0|2024-04-29 00:10:49
4744000|1.7422|0|2024-04-29 00:10:49
4743000|0.4497|0|2024-04-29 00:10:49
4742000|2.3585|0|2024-04-29 00:10:49
4741000|18.6232|0|2024-04-29 00:10:49
4747000|6.5235|1|2024-04-29 00:10:49
4748000|4.4014|1|2024-04-29 00:10:49
4749000|7.9152|1|2024-04-29 00:10:49
4750000|21.0712|1|2024-04-29 00:10:49
4751000|9.3351|1|2024-04-29 00:10:49
4745000|1.7918|0|2024-04-29 00:10:54
4744000|1.7422|0|2024-04-29 00:10:54
4743000|4.0097|0|2024-04-29 00:10:54
4742000|2.3585|0|2024-04-29 00:10:54
4741000|18.6232|0|2024-04-29 00:10:54
4747000|6.5235|1|2024-04-29 00:10:54
4748000|4.4034|1|2024-04-29 00:10:54
4749000|7.9172|1|2024-04-29 00:10:54
4750000|21.0732|1|2024-04-29 00:10:54
4751000|9.3351|1|2024-04-29 00:10:54
4745000|1.7918|0|2024-04-29 00:10:59
4744000|1.7422|0|2024-04-29 00:10:59
4743000|5.2144|0|2024-04-29 00:10:59
4741000|18.6232|0|2024-04-29 00:10:59
4740000|10.0|0|2024-04-29 00:10:59
4747000|6.5235|1|2024-04-29 00:10:59
4748000|4.4014|1|2024-04-29 00:10:59
4749000|7.5801|1|2024-04-29 00:10:59
4750000|6.4062|1|2024-04-29 00:10:59
4751000|24.3321|1|2024-04-29 00:10:59
4745000|1.779|0|2024-04-29 00:11:04
4744000|1.7422|0|2024-04-29 00:11:04
4743000|22.3196|0|2024-04-29 00:11:04
4741000|3.6232|0|2024-04-29 00:11:04
4740000|10.0|0|2024-04-29 00:11:04
4747000|0.001|1|2024-04-29 00:11:04
4748000|9.402|1|2024-04-29 00:11:04
4749000|4.0221|1|2024-04-29 00:11:04
4750000|9.9682|1|2024-04-29 00:11:04
4751000|19.0051|1|2024-04-29 00:11:04
4745000|1.779|0|2024-04-29 00:11:09
4744000|3.8474|0|2024-04-29 00:11:09
4743000|20.2144|0|2024-04-29 00:11:09
4741000|3.6232|0|2024-04-29 00:11:09
4740000|10.0|0|2024-04-29 00:11:09
4747000|0.001|1|2024-04-29 00:11:09
4748000|9.402|1|2024-04-29 00:11:09
4749000|4.0221|1|2024-04-29 00:11:09
4750000|9.968|1|2024-04-29 00:11:09
4751000|19.0021|1|2024-04-29 00:11:09
4745000|1.779|0|2024-04-29 00:11:14
4744000|3.8474|0|2024-04-29 00:11:14
4743000|4.0097|0|2024-04-29 00:11:14
4742000|1.2048|0|2024-04-29 00:11:14
4741000|18.6232|0|2024-04-29 00:11:14
4747000|3.561|1|2024-04-29 00:11:14
4748000|5.842|1|2024-04-29 00:11:14
4749000|4.3567|1|2024-04-29 00:11:14
4750000|9.6332|1|2024-04-29 00:11:14
4751000|19.0051|1|2024-04-29 00:11:14
4745000|1.7747|0|2024-04-29 00:11:19
4744000|1.7422|0|2024-04-29 00:11:19
4743000|2.5549|0|2024-04-29 00:11:19
4742000|1.2048|0|2024-04-29 00:11:19
4741000|15.0632|0|2024-04-29 00:11:19
4747000|0.001|1|2024-04-29 00:11:19
4748000|5.84|1|2024-04-29 00:11:19
4749000|7.9167|1|2024-04-29 00:11:19
4750000|6.0732|1|2024-04-29 00:11:19
4751000|19.0041|1|2024-04-29 00:11:19
4745000|1.7693|0|2024-04-29 00:11:24
4744000|1.7422|0|2024-04-29 00:11:24
4743000|2.5549|0|2024-04-29 00:11:24
4742000|1.2048|0|2024-04-29 00:11:24
4741000|15.0632|0|2024-04-29 00:11:24
4746000|3.56|1|2024-04-29 00:11:24
4747000|0.001|1|2024-04-29 00:11:24
4748000|5.84|1|2024-04-29 00:11:24
4749000|7.9167|1|2024-04-29 00:11:24
4750000|6.0732|1|2024-04-29 00:11:24
4745000|1.7693|0|2024-04-29 00:11:29
4744000|1.7422|0|2024-04-29 00:11:29
4743000|2.5549|0|2024-04-29 00:11:29
4742000|1.2048|0|2024-04-29 00:11:29
4741000|15.0632|0|2024-04-29 00:11:29
4746000|3.56|1|2024-04-29 00:11:29
4747000|0.001|1|2024-04-29 00:11:29
4748000|5.84|1|2024-04-29 00:11:29
4749000|7.9167|1|2024-04-29 00:11:29
4750000|6.0732|1|2024-04-29 00:11:29
4745000|1.7693|0|2024-04-29 00:11:34
4744000|1.7422|0|2024-04-29 00:11:34
4743000|2.5549|0|2024-04-29 00:11:34
4742000|1.2048|0|2024-04-29 00:11:34
4741000|15.0632|0|2024-04-29 00:11:34
4746000|3.56|1|2024-04-29 00:11:34
4747000|0.001|1|2024-04-29 00:11:34
4748000|5.84|1|2024-04-29 00:11:34
4749000|7.5801|1|2024-04-29 00:11:34
4750000|6.406|1|2024-04-29 00:11:34
4745000|1.7693|0|2024-04-29 00:11:39
4744000|1.7422|0|2024-04-29 00:11:39
4743000|2.5549|0|2024-04-29 00:11:39
4742000|1.2048|0|2024-04-29 00:11:39
4741000|15.0632|0|2024-04-29 00:11:39
4746000|3.56|1|2024-04-29 00:11:39
4747000|0.001|1|2024-04-29 00:11:39
4748000|5.84|1|2024-04-29 00:11:39
4749000|7.5821|1|2024-04-29 00:11:39
4750000|6.408|1|2024-04-29 00:11:39
4745000|1.7693|0|2024-04-29 00:11:44
4744000|1.7422|0|2024-04-29 00:11:44
4743000|2.5549|0|2024-04-29 00:11:44
4741000|16.2683|0|2024-04-29 00:11:44
4740000|13.56|0|2024-04-29 00:11:44
4746000|3.56|1|2024-04-29 00:11:44
4747000|1.4396|1|2024-04-29 00:11:44
4748000|4.4014|1|2024-04-29 00:11:44
4749000|7.9152|1|2024-04-29 00:11:44
4750000|6.0712|1|2024-04-29 00:11:44
4745000|1.7693|0|2024-04-29 00:11:49
4744000|1.7422|0|2024-04-29 00:11:49
4743000|0.4497|0|2024-04-29 00:11:49
4741000|19.8283|0|2024-04-29 00:11:49
4740000|10.0|0|2024-04-29 00:11:49
4746000|3.56|1|2024-04-29 00:11:49
4747000|4.4396|1|2024-04-29 00:11:49
4748000|8.9614|1|2024-04-29 00:11:49
4749000|4.3568|1|2024-04-29 00:11:49
4750000|11.4032|1|2024-04-29 00:11:49
4744000|0.0|0|2024-04-29 00:11:54
4743000|0.001|0|2024-04-29 00:11:54
4742000|2.1057|0|2024-04-29 00:11:54
4741000|0.0632|0|2024-04-29 00:11:54
4740000|28.56|0|2024-04-29 00:11:54
4745000|7.7906|1|2024-04-29 00:11:54
4747000|7.561|1|2024-04-29 00:11:54
4748000|18.4211|1|2024-04-29 00:11:54
4749000|4.0221|1|2024-04-29 00:11:54
4750000|11.301|1|2024-04-29 00:11:54
4741000|2.1689|0|2024-04-29 00:11:59
4740000|10.0|0|2024-04-29 00:11:59
4739000|15.5507|0|2024-04-29 00:11:59
4738000|1.2079|0|2024-04-29 00:11:59
4737000|0.4357|0|2024-04-29 00:11:59
4743000|5.9989|1|2024-04-29 00:11:59
4745000|9.2497|1|2024-04-29 00:11:59
4746000|4.8947|1|2024-04-29 00:11:59
4747000|4.001|1|2024-04-29 00:11:59
4748000|23.4159|1|2024-04-29 00:11:59
4741000|0.0632|0|2024-04-29 00:12:04
4740000|12.1079|0|2024-04-29 00:12:04
4739000|0.1008|0|2024-04-29 00:12:04
4738000|0.0021|0|2024-04-29 00:12:04
4737000|19.7663|0|2024-04-29 00:12:04
4742000|3.56|1|2024-04-29 00:12:04
4743000|9.5589|1|2024-04-29 00:12:04
4744000|1.0|1|2024-04-29 00:12:04
4745000|5.6679|1|2024-04-29 00:12:04
4746000|11.66|1|2024-04-29 00:12:04
4740000|12.1045|0|2024-04-29 00:12:09
4739000|0.1008|0|2024-04-29 00:12:09
4738000|0.0021|0|2024-04-29 00:12:09
4737000|15.0|0|2024-04-29 00:12:09
4736000|4.0079|0|2024-04-29 00:12:09
4741000|0.0298|1|2024-04-29 00:12:09
4743000|9.5589|1|2024-04-29 00:12:09
4744000|1.0|1|2024-04-29 00:12:09
4745000|5.3328|1|2024-04-29 00:12:09
4746000|11.9951|1|2024-04-29 00:12:09
4740000|12.1045|0|2024-04-29 00:12:14
4739000|0.1008|0|2024-04-29 00:12:14
4738000|0.0021|0|2024-04-29 00:12:14
4737000|18.56|0|2024-04-29 00:12:14
4736000|1.6542|0|2024-04-29 00:12:14
4741000|3.5898|1|2024-04-29 00:12:14
4743000|9.5589|1|2024-04-29 00:12:14
4744000|1.0|1|2024-04-29 00:12:14
4745000|5.3328|1|2024-04-29 00:12:14
4746000|11.9951|1|2024-04-29 00:12:14
4740000|12.412|0|2024-04-29 00:12:19
4739000|0.1008|0|2024-04-29 00:12:19
4738000|0.0021|0|2024-04-29 00:12:19
4737000|15.0|0|2024-04-29 00:12:19
4736000|5.2142|0|2024-04-29 00:12:19
4741000|3.5898|1|2024-04-29 00:12:19
4743000|9.5589|1|2024-04-29 00:12:19
4744000|1.0|1|2024-04-29 00:12:19
4745000|5.6682|1|2024-04-29 00:12:19
4746000|11.66|1|2024-04-29 00:12:19
4740000|12.412|0|2024-04-29 00:12:23
4739000|0.1008|0|2024-04-29 00:12:23
4738000|0.0021|0|2024-04-29 00:12:23
4737000|18.56|0|2024-04-29 00:12:23
4736000|1.6542|0|2024-04-29 00:12:23
4741000|0.6993|1|2024-04-29 00:12:23
4743000|9.5589|1|2024-04-29 00:12:23
4744000|1.654|1|2024-04-29 00:12:23
4745000|5.6682|1|2024-04-29 00:12:23
4746000|11.66|1|2024-04-29 00:12:23
4740000|12.412|0|2024-04-29 00:12:28
4739000|0.1008|0|2024-04-29 00:12:28
4738000|3.5621|0|2024-04-29 00:12:28
4737000|15.0|0|2024-04-29 00:12:28
4736000|1.6542|0|2024-04-29 00:12:28
4742000|3.56|1|2024-04-29 00:12:28
4743000|5.9989|1|2024-04-29 00:12:28
4744000|1.654|1|2024-04-29 00:12:28
4745000|8.8928|1|2024-04-29 00:12:28
4746000|11.995|1|2024-04-29 00:12:28
4740000|12.7199|0|2024-04-29 00:12:33
4739000|0.1038|0|2024-04-29 00:12:33
4738000|18.5621|0|2024-04-29 00:12:33
4737000|3.56|0|2024-04-29 00:12:33
4736000|1.6541|0|2024-04-29 00:12:33
4743000|8.0244|1|2024-04-29 00:12:33
4744000|3.654|1|2024-04-29 00:12:33
4745000|8.8928|1|2024-04-29 00:12:33
4746000|4.0|1|2024-04-29 00:12:33
4747000|22.8726|1|2024-04-29 00:12:33
4740000|12.7199|0|2024-04-29 00:12:38
4739000|0.1038|0|2024-04-29 00:12:38
4738000|18.5621|0|2024-04-29 00:12:38
4737000|4.7661|0|2024-04-29 00:12:38
4736000|0.4479|0|2024-04-29 00:12:38
4742000|3.56|1|2024-04-29 00:12:38
4743000|3.0|1|2024-04-29 00:12:38
4744000|0.654|1|2024-04-29 00:12:38
4745000|8.8928|1|2024-04-29 00:12:38
4746000|1.3349|1|2024-04-29 00:12:38
4740000|12.7199|0|2024-04-29 00:12:43
4739000|0.1038|0|2024-04-29 00:12:43
4738000|18.5621|0|2024-04-29 00:12:43
4737000|3.56|0|2024-04-29 00:12:43
4736000|1.6541|0|2024-04-29 00:12:43
4743000|0.9579|1|2024-04-29 00:12:43
4744000|2.1184|1|2024-04-29 00:12:43
4745000|8.8928|1|2024-04-29 00:12:43
4746000|1.3349|1|2024-04-29 00:12:43
4747000|22.5373|1|2024-04-29 00:12:43
4740000|12.7199|0|2024-04-29 00:12:48
4739000|0.1038|0|2024-04-29 00:12:48
4738000|18.5621|0|2024-04-29 00:12:48
4737000|3.56|0|2024-04-29 00:12:48
4736000|1.6541|0|2024-04-29 00:12:48
4743000|4.5179|1|2024-04-29 00:12:48
4744000|2.1184|1|2024-04-29 00:12:48
4745000|5.6681|1|2024-04-29 00:12:48
4746000|4.56|1|2024-04-29 00:12:48
4747000|17.2073|1|2024-04-29 00:12:48
4740000|12.7199|0|2024-04-29 00:12:53
4739000|0.1038|0|2024-04-29 00:12:53
4738000|18.5621|0|2024-04-29 00:12:53
4737000|3.56|0|2024-04-29 00:12:53
4736000|1.6541|0|2024-04-29 00:12:53
4743000|4.5179|1|2024-04-29 00:12:53
4744000|2.1184|1|2024-04-29 00:12:53
4745000|5.6681|1|2024-04-29 00:12:53
4746000|4.56|1|2024-04-29 00:12:53
4747000|17.2073|1|2024-04-29 00:12:53
4740000|12.7199|0|2024-04-29 00:12:58
4739000|3.6638|0|2024-04-29 00:12:58
4738000|15.0021|0|2024-04-29 00:12:58
4737000|3.56|0|2024-04-29 00:12:58
4736000|1.654|0|2024-04-29 00:12:58
4743000|4.9579|1|2024-04-29 00:12:58
4744000|4.214|1|2024-04-29 00:12:58
4745000|5.3328|1|2024-04-29 00:12:58
4746000|4.8951|1|2024-04-29 00:12:58
4747000|16.001|1|2024-04-29 00:12:58
4740000|12.1045|0|2024-04-29 00:13:03
4739000|3.6638|0|2024-04-29 00:13:03
4738000|15.0021|0|2024-04-29 00:13:03
4737000|3.56|0|2024-04-29 00:13:03
4736000|1.654|0|2024-04-29 00:13:03
4743000|4.7324|1|2024-04-29 00:13:03
4744000|4.214|1|2024-04-29 00:13:03
4745000|5.3328|1|2024-04-29 00:13:03
4746000|4.8951|1|2024-04-29 00:13:03
4747000|17.2072|1|2024-04-29 00:13:03
4740000|11.8154|0|2024-04-29 00:13:08
4739000|3.6638|0|2024-04-29 00:13:08
4738000|15.0021|0|2024-04-29 00:13:08
4737000|3.56|0|2024-04-29 00:13:08
4736000|1.654|0|2024-04-29 00:13:08
4743000|8.1862|1|2024-04-29 00:13:08
4744000|0.654|1|2024-04-29 00:13:08
4745000|5.3328|1|2024-04-29 00:13:08
4746000|4.8951|1|2024-04-29 00:13:08
4747000|17.2072|1|2024-04-29 00:13:08
4740000|11.9753|0|2024-04-29 00:13:13
4739000|3.6638|0|2024-04-29 00:13:13
4738000|15.0021|0|2024-04-29 00:13:13
4737000|3.56|0|2024-04-29 00:13:13
4736000|1.654|0|2024-04-29 00:13:13
4743000|6.7248|1|2024-04-29 00:13:13
4744000|3.654|1|2024-04-29 00:13:13
4745000|5.3328|1|2024-04-29 00:13:13
4746000|4.8953|1|2024-04-29 00:13:13
4747000|17.2072|1|2024-04-29 00:13:13
4740000|11.9753|0|2024-04-29 00:13:18
4739000|3.6638|0|2024-04-29 00:13:18
4738000|15.0021|0|2024-04-29 00:13:18
4737000|3.56|0|2024-04-29 00:13:18
4736000|1.654|0|2024-04-29 00:13:18
4743000|7.0995|1|2024-04-29 00:13:18
4744000|3.654|1|2024-04-29 00:13:18
4745000|5.3328|1|2024-04-29 00:13:18
4746000|4.8953|1|2024-04-29 00:13:18
4747000|17.2072|1|2024-04-29 00:13:18
4740000|12.5907|0|2024-04-29 00:13:23
4739000|3.6638|0|2024-04-29 00:13:23
4738000|15.0021|0|2024-04-29 00:13:23
4737000|3.56|0|2024-04-29 00:13:23
4736000|1.654|0|2024-04-29 00:13:23
4743000|5.0552|1|2024-04-29 00:13:23
4744000|3.654|1|2024-04-29 00:13:23
4745000|5.3328|1|2024-04-29 00:13:23
4746000|4.56|1|2024-04-29 00:13:23
4747000|17.2072|1|2024-04-29 00:13:23
4740000|12.5907|0|2024-04-29 00:13:28
4739000|3.6638|0|2024-04-29 00:13:28
4738000|15.0021|0|2024-04-29 00:13:28
4737000|3.56|0|2024-04-29 00:13:28
4736000|1.654|0|2024-04-29 00:13:28
4743000|5.0552|1|2024-04-29 00:13:28
4744000|3.654|1|2024-04-29 00:13:28
4745000|5.6682|1|2024-04-29 00:13:28
4746000|4.56|1|2024-04-29 00:13:28
4747000|17.2072|1|2024-04-29 00:13:28
4740000|12.5907|0|2024-04-29 00:13:33
4739000|3.6638|0|2024-04-29 00:13:33
4738000|15.0021|0|2024-04-29 00:13:33
4737000|3.56|0|2024-04-29 00:13:33
4736000|0.4479|0|2024-04-29 00:13:33
4743000|1.1547|1|2024-04-29 00:13:33
4744000|3.654|1|2024-04-29 00:13:33
4745000|5.2306|1|2024-04-29 00:13:33
4746000|7.56|1|2024-04-29 00:13:33
4747000|1.336|1|2024-04-29 00:13:33
4740000|14.1841|0|2024-04-29 00:13:38
4739000|2.2099|0|2024-04-29 00:13:38
4738000|19.7679|0|2024-04-29 00:13:38
4736000|0.4479|0|2024-04-29 00:13:38
4735000|10.8858|0|2024-04-29 00:13:38
4743000|0.4372|1|2024-04-29 00:13:38
4744000|3.654|1|2024-04-29 00:13:38
4745000|8.7906|1|2024-04-29 00:13:38
4746000|4.0|1|2024-04-29 00:13:38
4747000|7.896|1|2024-04-29 00:13:38
4740000|16.2902|0|2024-04-29 00:13:43
4739000|0.1038|0|2024-04-29 00:13:43
4738000|19.7679|0|2024-04-29 00:13:43
4736000|6.1135|0|2024-04-29 00:13:43
4735000|11.5497|0|2024-04-29 00:13:43
4743000|0.5449|1|2024-04-29 00:13:43
4744000|0.654|1|2024-04-29 00:13:43
4745000|7.7906|1|2024-04-29 00:13:43
4746000|4.0|1|2024-04-29 00:13:43
4747000|7.561|1|2024-04-29 00:13:43
4740000|31.2898|0|2024-04-29 00:13:48
4739000|1.3094|0|2024-04-29 00:13:48
4738000|3.5621|0|2024-04-29 00:13:48
4736000|6.1135|0|2024-04-29 00:13:48
4735000|11.5497|0|2024-04-29 00:13:48
4743000|0.5238|1|2024-04-29 00:13:48
4744000|0.654|1|2024-04-29 00:13:48
4745000|4.2306|1|2024-04-29 00:13:48
4746000|4.0|1|2024-04-29 00:13:48
4747000|4.001|1|2024-04-29 00:13:48
4740000|29.0198|0|2024-04-29 00:13:53
4739000|6.9751|0|2024-04-29 00:13:53
4738000|0.0021|0|2024-04-29 00:13:53
4736000|6.1135|0|2024-04-29 00:13:53
4735000|11.5497|0|2024-04-29 00:13:53
4743000|0.4835|1|2024-04-29 00:13:53
4744000|0.654|1|2024-04-29 00:13:53
4745000|4.2306|1|2024-04-29 00:13:53
4746000|7.56|1|2024-04-29 00:13:53
4747000|4.001|1|2024-04-29 00:13:53
4740000|33.0198|0|2024-04-29 00:13:58
4739000|4.8694|0|2024-04-29 00:13:58
4738000|0.0021|0|2024-04-29 00:13:58
4736000|6.1135|0|2024-04-29 00:13:58
4735000|11.5497|0|2024-04-29 00:13:58
4743000|0.4835|1|2024-04-29 00:13:58
4744000|0.654|1|2024-04-29 00:13:58
4746000|6.56|1|2024-04-29 00:13:58
4747000|4.001|1|2024-04-29 00:13:58
4748000|24.7344|1|2024-04-29 00:13:58
4741000|9.6431|0|2024-04-29 00:14:03
4740000|28.8785|0|2024-04-29 00:14:03
4739000|0.1038|0|2024-04-29 00:14:03
4738000|0.0021|0|2024-04-29 00:14:03
4737000|1.0|0|2024-04-29 00:14:03
4743000|0.0|1|2024-04-29 00:14:03
4744000|0.654|1|2024-04-29 00:14:03
4747000|8.0416|1|2024-04-29 00:14:03
4748000|5.4014|1|2024-04-29 00:14:03
4749000|8.3546|1|2024-04-29 00:14:03
4741000|10.8483|0|2024-04-29 00:14:08
4740000|28.8785|0|2024-04-29 00:14:08
4739000|0.5492|0|2024-04-29 00:14:08
4738000|0.0021|0|2024-04-29 00:14:08
4737000|1.3354|0|2024-04-29 00:14:08
4743000|0.0|1|2024-04-29 00:14:08
4744000|0.654|1|2024-04-29 00:14:08
4747000|8.0416|1|2024-04-29 00:14:08
4748000|5.4014|1|2024-04-29 00:14:08
4749000|8.3528|1|2024-04-29 00:14:08
4742000|11.7396|0|2024-04-29 00:14:13
4741000|3.56|0|2024-04-29 00:14:13
4740000|25.3185|0|2024-04-29 00:14:13
4739000|0.8846|0|2024-04-29 00:14:13
4738000|1.0021|0|2024-04-29 00:14:13
4743000|0.0|1|2024-04-29 00:14:13
4744000|0.654|1|2024-04-29 00:14:13
4747000|0.001|1|2024-04-29 00:14:13
4748000|5.8765|1|2024-04-29 00:14:13
4749000|4.0221|1|2024-04-29 00:14:13
4742000|9.6344|0|2024-04-29 00:14:18
4741000|3.56|0|2024-04-29 00:14:18
4740000|25.3185|0|2024-04-29 00:14:18
4739000|0.5492|0|2024-04-29 00:14:18
4738000|1.3376|0|2024-04-29 00:14:18
4744000|0.0397|1|2024-04-29 00:14:18
4747000|1.4761|1|2024-04-29 00:14:18
4748000|7.9614|1|2024-04-29 00:14:18
4749000|4.0221|1|2024-04-29 00:14:18
4750000|24.531|1|2024-04-29 00:14:18
4743000|7.7013|0|2024-04-29 00:14:23
4742000|0.654|0|2024-04-29 00:14:23
4741000|5.6657|0|2024-04-29 00:14:23
4740000|25.3185|0|2024-04-29 00:14:23
4739000|5.8792|0|2024-04-29 00:14:23
4744000|0.0|1|2024-04-29 00:14:23
4747000|1.4761|1|2024-04-29 00:14:23
4748000|7.9614|1|2024-04-29 00:14:23
4749000|4.1243|1|2024-04-29 00:14:23
4750000|24.531|1|2024-04-29 00:14:23
4744000|3.5599|0|2024-04-29 00:14:27
4743000|4.1413|0|2024-04-29 00:14:27
4742000|6.3197|0|2024-04-29 00:14:27
4740000|25.3185|0|2024-04-29 00:14:27
4739000|11.9671|0|2024-04-29 00:14:27
4747000|0.001|1|2024-04-29 00:14:27
4748000|7.9614|1|2024-04-29 00:14:27
4749000|4.1243|1|2024-04-29 00:14:27
4750000|24.531|1|2024-04-29 00:14:27
4751000|4.7677|1|2024-04-29 00:14:27
4744000|7.7012|0|2024-04-29 00:14:32
4742000|6.3197|0|2024-04-29 00:14:32
4740000|25.3185|0|2024-04-29 00:14:32
4739000|11.9671|0|2024-04-29 00:14:32
4738000|1.0021|0|2024-04-29 00:14:32
4747000|0.001|1|2024-04-29 00:14:32
4748000|7.9614|1|2024-04-29 00:14:32
4749000|4.1243|1|2024-04-29 00:14:32
4750000|24.531|1|2024-04-29 00:14:32
4751000|4.339|1|2024-04-29 00:14:32
4744000|7.7012|0|2024-04-29 00:14:37
4742000|6.3197|0|2024-04-29 00:14:37
4740000|25.3185|0|2024-04-29 00:14:37
4739000|11.6317|0|2024-04-29 00:14:37
4738000|1.3376|0|2024-04-29 00:14:37
4747000|0.001|1|2024-04-29 00:14:37
4748000|6.4417|1|2024-04-29 00:14:37
4749000|3.1243|1|2024-04-29 00:14:37
4750000|24.531|1|2024-04-29 00:14:37
4751000|4.339|1|2024-04-29 00:14:37
4744000|7.7012|0|2024-04-29 00:14:42
4742000|6.3197|0|2024-04-29 00:14:42
4740000|25.3185|0|2024-04-29 00:14:42
4739000|11.967|0|2024-04-29 00:14:42
4738000|1.3375|0|2024-04-29 00:14:42
4747000|0.001|1|2024-04-29 00:14:42
4748000|6.4417|1|2024-04-29 00:14:42
4749000|3.1243|1|2024-04-29 00:14:42
4750000|24.531|1|2024-04-29 00:14:42
4751000|4.339|1|2024-04-29 00:14:42
4744000|7.7012|0|2024-04-29 00:14:47
4742000|6.3197|0|2024-04-29 00:14:47
4740000|25.3185|0|2024-04-29 00:14:47
4739000|11.6317|0|2024-04-29 00:14:47
4738000|1.3377|0|2024-04-29 00:14:47
4747000|0.001|1|2024-04-29 00:14:47
4748000|6.4417|1|2024-04-29 00:14:47
4749000|3.1243|1|2024-04-29 00:14:47
4750000|24.531|1|2024-04-29 00:14:47
4751000|4.339|1|2024-04-29 00:14:47
4744000|7.7012|0|2024-04-29 00:14:52
4742000|6.3197|0|2024-04-29 00:14:52
4740000|25.3185|0|2024-04-29 00:14:52
4739000|12.6317|0|2024-04-29 00:14:52
4738000|1.3377|0|2024-04-29 00:14:52
4747000|0.001|1|2024-04-29 00:14:52
4748000|6.4417|1|2024-04-29 00:14:52
4749000|3.1223|1|2024-04-29 00:14:52
4750000|24.529|1|2024-04-29 00:14:52
4751000|4.337|1|2024-04-29 00:14:52
4744000|7.7012|0|2024-04-29 00:14:57
4742000|6.3197|0|2024-04-29 00:14:57
4740000|25.3185|0|2024-04-29 00:14:57
4739000|12.6317|0|2024-04-29 00:14:57
4738000|1.3377|0|2024-04-29 00:14:57
4747000|0.001|1|2024-04-29 00:14:57
4748000|6.4417|1|2024-04-29 00:14:57
4749000|3.1243|1|2024-04-29 00:14:57
4750000|24.531|1|2024-04-29 00:14:57
4751000|4.339|1|2024-04-29 00:14:57
4744000|4.1413|0|2024-04-29 00:15:02
4742000|2.1057|0|2024-04-29 00:15:02
4741000|4.7652|0|2024-04-29 00:15:02
4740000|25.3185|0|2024-04-29 00:15:02
4739000|7.3017|0|2024-04-29 00:15:02
4747000|0.001|1|2024-04-29 00:15:02
4748000|4.3545|1|2024-04-29 00:15:02
4749000|3.1223|1|2024-04-29 00:15:02
4750000|24.8639|1|2024-04-29 00:15:02
4751000|4.0021|1|2024-04-29 00:15:02
4744000|4.1413|0|2024-04-29 00:15:07
4743000|4.8391|0|2024-04-29 00:15:07
4742000|2.1057|0|2024-04-29 00:15:07
4741000|1.2052|0|2024-04-29 00:15:07
4740000|25.3185|0|2024-04-29 00:15:07
4747000|0.001|1|2024-04-29 00:15:07
4748000|7.9145|1|2024-04-29 00:15:07
4749000|3.1243|1|2024-04-29 00:15:07
4750000|24.8659|1|2024-04-29 00:15:07
4751000|4.0041|1|2024-04-29 00:15:07
4744000|5.4199|0|2024-04-29 00:15:12
4743000|15.0|0|2024-04-29 00:15:12
4742000|2.1057|0|2024-04-29 00:15:12
4740000|11.3185|0|2024-04-29 00:15:12
4739000|12.6317|0|2024-04-29 00:15:12
4747000|0.001|1|2024-04-29 00:15:12
4748000|2.8817|1|2024-04-29 00:15:12
4749000|3.5821|1|2024-04-29 00:15:12
4750000|5.3056|1|2024-04-29 00:15:12
4751000|7.5641|1|2024-04-29 00:15:12
4744000|4.1413|0|2024-04-29 00:15:17
4743000|18.309|0|2024-04-29 00:15:17
4740000|11.3185|0|2024-04-29 00:15:17
4739000|12.6317|0|2024-04-29 00:15:17
4738000|1.338|0|2024-04-29 00:15:17
4747000|0.001|1|2024-04-29 00:15:17
4748000|2.8817|1|2024-04-29 00:15:17
4749000|3.5821|1|2024-04-29 00:15:17
4750000|5.306|1|2024-04-29 00:15:17
4751000|7.5641|1|2024-04-29 00:15:17
4744000|4.1413|0|2024-04-29 00:15:22
4743000|3.56|0|2024-04-29 00:15:22
4742000|2.1034|0|2024-04-29 00:15:22
4740000|25.3185|0|2024-04-29 00:15:22
4739000|10.8617|0|2024-04-29 00:15:22
4747000|5.0338|1|2024-04-29 00:15:22
4748000|2.8817|1|2024-04-29 00:15:22
4749000|19.2666|1|2024-04-29 00:15:22
4750000|6.306|1|2024-04-29 00:15:22
4751000|4.0041|1|2024-04-29 00:15:22
4744000|4.1413|0|2024-04-29 00:15:27
4743000|3.56|0|2024-04-29 00:15:27
4742000|2.7166|0|2024-04-29 00:15:27
4741000|3.56|0|2024-04-29 00:15:27
4740000|26.5237|0|2024-04-29 00:15:27
4747000|5.0338|1|2024-04-29 00:15:27
4748000|2.8817|1|2024-04-29 00:15:27
4749000|19.6013|1|2024-04-29 00:15:27
4750000|5.971|1|2024-04-29 00:15:27
4751000|4.0041|1|2024-04-29 00:15:27
4744000|4.1413|0|2024-04-29 00:15:32
4740000|25.3185|0|2024-04-29 00:15:32
4739000|4.5317|0|2024-04-29 00:15:32
4738000|1.0021|0|2024-04-29 00:15:32
4737000|1.4326|0|2024-04-29 00:15:32
4746000|3.56|1|2024-04-29 00:15:32
4747000|1.4881|1|2024-04-29 00:15:32
4748000|9.7769|1|2024-04-29 00:15:32
4749000|16.7066|1|2024-04-29 00:15:32
4750000|7.1766|1|2024-04-29 00:15:32
4740000|10.3185|0|2024-04-29 00:15:37
4739000|0.1038|0|2024-04-29 00:15:37
4738000|3.5971|0|2024-04-29 00:15:37
4737000|15.0|0|2024-04-29 00:15:37
4736000|7.7684|0|2024-04-29 00:15:37
4743000|3.56|1|2024-04-29 00:15:37
4744000|2.3932|1|2024-04-29 00:15:37
4745000|3.6272|1|2024-04-29 00:15:37
4746000|19.0|1|2024-04-29 00:15:37
4747000|10.5516|1|2024-04-29 00:15:37
4740000|10.3185|0|2024-04-29 00:15:42
4739000|3.6638|0|2024-04-29 00:15:42
4738000|2.1428|0|2024-04-29 00:15:42
4737000|15.0|0|2024-04-29 00:15:42
4736000|6.5621|0|2024-04-29 00:15:42
4743000|7.595|1|2024-04-29 00:15:42
4745000|3.6272|1|2024-04-29 00:15:42
4746000|19.3347|1|2024-04-29 00:15:42
4747000|9.3453|1|2024-04-29 00:15:42
4748000|64.0577|1|2024-04-29 00:15:42
4740000|10.2951|0|2024-04-29 00:15:47
4739000|2.2095|0|2024-04-29 00:15:47
4738000|3.5971|0|2024-04-29 00:15:47
4737000|15.0|0|2024-04-29 00:15:47
4736000|7.7684|0|2024-04-29 00:15:47
4743000|7.595|1|2024-04-29 00:15:47
4745000|3.6272|1|2024-04-29 00:15:47
4746000|19.3347|1|2024-04-29 00:15:47
4747000|9.3453|1|2024-04-29 00:15:47
4748000|64.0577|1|2024-04-29 00:15:47
4740000|13.8551|0|2024-04-29 00:15:52
4739000|2.2095|0|2024-04-29 00:15:52
4738000|3.5971|0|2024-04-29 00:15:52
4737000|19.206|0|2024-04-29 00:15:52
4736000|8.3321|0|2024-04-29 00:15:52
4743000|4.035|1|2024-04-29 00:15:52
4745000|3.6272|1|2024-04-29 00:15:52
4746000|4.3347|1|2024-04-29 00:15:52
4747000|24.3453|1|2024-04-29 00:15:52
4748000|65.2639|1|2024-04-29 00:15:52
4740000|11.7889|0|2024-04-29 00:15:57
4739000|0.1038|0|2024-04-29 00:15:57
4738000|5.7028|0|2024-04-29 00:15:57
4737000|19.206|0|2024-04-29 00:15:57
4736000|8.3321|0|2024-04-29 00:15:57
4743000|4.035|1|2024-04-29 00:15:57
4744000|3.56|1|2024-04-29 00:15:57
4745000|3.6272|1|2024-04-29 00:15:57
4746000|4.3347|1|2024-04-29 00:15:57
4747000|24.3453|1|2024-04-29 00:15:57
4740000|11.7889|0|2024-04-29 00:16:02
4739000|0.1038|0|2024-04-29 00:16:02
4738000|3.5971|0|2024-04-29 00:16:02
4737000|19.206|0|2024-04-29 00:16:02
4736000|8.3321|0|2024-04-29 00:16:02
4743000|4.035|1|2024-04-29 00:16:02
4744000|3.56|1|2024-04-29 00:16:02
4745000|0.0672|1|2024-04-29 00:16:02
4746000|6.56|1|2024-04-29 00:16:02
4747000|19.3359|1|2024-04-29 00:16:02
4740000|11.7889|0|2024-04-29 00:16:07
4739000|17.2095|0|2024-04-29 00:16:07
4738000|6.6815|0|2024-04-29 00:16:07
4737000|4.206|0|2024-04-29 00:16:07
4736000|9.3321|0|2024-04-29 00:16:07
4742000|4.0492|1|2024-04-29 00:16:07
4746000|0.535|1|2024-04-29 00:16:07
4747000|6.8962|1|2024-04-29 00:16:07
4748000|22.3083|1|2024-04-29 00:16:07
4749000|5.2281|1|2024-04-29 00:16:07
4740000|11.8733|0|2024-04-29 00:16:12
4739000|2.2095|0|2024-04-29 00:16:12
4738000|21.6815|0|2024-04-29 00:16:12
4737000|4.206|0|2024-04-29 00:16:12
4736000|9.3321|0|2024-04-29 00:16:12
4742000|4.0492|1|2024-04-29 00:16:12
4744000|3.56|1|2024-04-29 00:16:12
4746000|3.56|1|2024-04-29 00:16:12
4747000|3.336|1|2024-04-29 00:16:12
4748000|23.5144|1|2024-04-29 00:16:12
4740000|7.6979|0|2024-04-29 00:16:17
4739000|0.1038|0|2024-04-29 00:16:17
4738000|8.7872|0|2024-04-29 00:16:17
4737000|3.0|0|2024-04-29 00:16:17
4736000|23.7684|0|2024-04-29 00:16:17
4742000|4.035|1|2024-04-29 00:16:17
4744000|4.095|1|2024-04-29 00:16:17
4745000|12.6495|1|2024-04-29 00:16:17
4746000|6.8949|1|2024-04-29 00:16:17
4747000|4.001|1|2024-04-29 00:16:17
4740000|7.6979|0|2024-04-29 00:16:22
4739000|5.7699|0|2024-04-29 00:16:22
4738000|3.1215|0|2024-04-29 00:16:22
4737000|3.0|0|2024-04-29 00:16:22
4736000|23.7683|0|2024-04-29 00:16:22
4742000|4.035|1|2024-04-29 00:16:22
4743000|3.56|1|2024-04-29 00:16:22
4745000|3.9621|1|2024-04-29 00:16:22
4746000|3.0|1|2024-04-29 00:16:22
4747000|19.001|1|2024-04-29 00:16:22
4740000|7.6979|0|2024-04-29 00:16:27
4739000|0.1038|0|2024-04-29 00:16:27
4738000|2.1922|0|2024-04-29 00:16:27
4737000|6.595|0|2024-04-29 00:16:27
4736000|18.0021|0|2024-04-29 00:16:27
4742000|7.595|1|2024-04-29 00:16:27
4744000|0.3355|1|2024-04-29 00:16:27
4745000|19.2095|1|2024-04-29 00:16:27
4746000|4.0|1|2024-04-29 00:16:27
4747000|4.001|1|2024-04-29 00:16:27
4740000|7.6979|0|2024-04-29 00:16:32
4739000|0.1038|0|2024-04-29 00:16:32
4738000|5.7522|0|2024-04-29 00:16:32
4737000|3.035|0|2024-04-29 00:16:32
4736000|18.0021|0|2024-04-29 00:16:32
4742000|7.5785|1|2024-04-29 00:16:32
4745000|19.5448|1|2024-04-29 00:16:32
4746000|4.0|1|2024-04-29 00:16:32
4747000|4.001|1|2024-04-29 00:16:32
4748000|69.3877|1|2024-04-29 00:16:32
4740000|7.6979|0|2024-04-29 00:16:37
4739000|0.1038|0|2024-04-29 00:16:37
4738000|5.7522|0|2024-04-29 00:16:37
4737000|3.035|0|2024-04-29 00:16:37
4736000|18.0021|0|2024-04-29 00:16:37
4741000|3.0|1|2024-04-29 00:16:37
4742000|8.4054|1|2024-04-29 00:16:37
4745000|19.5448|1|2024-04-29 00:16:37
4746000|4.0|1|2024-04-29 00:16:37
4747000|61.9569|1|2024-04-29 00:16:37
4740000|7.6979|0|2024-04-29 00:16:42
4739000|0.1038|0|2024-04-29 00:16:42
4738000|3.6465|0|2024-04-29 00:16:42
4737000|3.035|0|2024-04-29 00:16:42
4736000|18.0021|0|2024-04-29 00:16:42
4741000|6.7274|1|2024-04-29 00:16:42
4742000|4.564|1|2024-04-29 00:16:42
4745000|6.9625|1|2024-04-29 00:16:42
4746000|19.0|1|2024-04-29 00:16:42
4747000|60.7504|1|2024-04-29 00:16:42
4740000|7.6957|0|2024-04-29 00:16:47
4739000|0.1038|0|2024-04-29 00:16:47
4738000|0.0865|0|2024-04-29 00:16:47
4736000|0.0021|0|2024-04-29 00:16:47
4735000|31.56|0|2024-04-29 00:16:47
4741000|10.2874|1|2024-04-29 00:16:47
4742000|1.004|1|2024-04-29 00:16:47
4743000|6.56|1|2024-04-29 00:16:47
4744000|19.3354|1|2024-04-29 00:16:47
4745000|5.207|1|2024-04-29 00:16:47
4740000|7.6927|0|2024-04-29 00:16:51
4739000|0.1038|0|2024-04-29 00:16:51
4738000|0.0865|0|2024-04-29 00:16:51
4736000|0.0021|0|2024-04-29 00:16:51
4735000|31.56|0|2024-04-29 00:16:51
4741000|10.4161|1|2024-04-29 00:16:51
4742000|1.004|1|2024-04-29 00:16:51
4743000|6.895|1|2024-04-29 00:16:51
4744000|20.2743|1|2024-04-29 00:16:51
4745000|60.7494|1|2024-04-29 00:16:51
4740000|3.4033|0|2024-04-29 00:16:56
4739000|0.1038|0|2024-04-29 00:16:56
4738000|0.0865|0|2024-04-29 00:16:56
4736000|0.0021|0|2024-04-29 00:16:56
4735000|28.0|0|2024-04-29 00:16:56
4741000|10.2613|1|2024-04-29 00:16:56
4742000|4.564|1|2024-04-29 00:16:56
4743000|3.335|1|2024-04-29 00:16:56
4744000|20.2742|1|2024-04-29 00:16:56
4745000|60.7494|1|2024-04-29 00:16:56
4740000|3.4033|0|2024-04-29 00:17:01
4739000|0.1038|0|2024-04-29 00:17:01
4738000|0.0865|0|2024-04-29 00:17:01
4736000|5.0589|0|2024-04-29 00:17:01
4735000|28.0|0|2024-04-29 00:17:01
4741000|10.2613|1|2024-04-29 00:17:01
4742000|4.564|1|2024-04-29 00:17:01
4743000|3.335|1|2024-04-29 00:17:01
4744000|5.2742|1|2024-04-29 00:17:01
4745000|75.7494|1|2024-04-29 00:17:01
4740000|0.4033|0|2024-04-29 00:17:06
4739000|0.1038|0|2024-04-29 00:17:06
4738000|18.6465|0|2024-04-29 00:17:06
4736000|3.0021|0|2024-04-29 00:17:06
4735000|16.9633|0|2024-04-29 00:17:06
4741000|6.7013|1|2024-04-29 00:17:06
4742000|4.564|1|2024-04-29 00:17:06
4744000|3.6272|1|2024-04-29 00:17:06
4745000|3.0|1|2024-04-29 00:17:06
4746000|25.9549|1|2024-04-29 00:17:06
4740000|0.0844|0|2024-04-29 00:17:11
4739000|0.1038|0|2024-04-29 00:17:11
4738000|20.7526|0|2024-04-29 00:17:11
4736000|3.0021|0|2024-04-29 00:17:11
4735000|8.7665|0|2024-04-29 00:17:11
4741000|6.7013|1|2024-04-29 00:17:11
4742000|4.564|1|2024-04-29 00:17:11
4744000|3.6272|1|2024-04-29 00:17:11
4745000|3.335|1|2024-04-29 00:17:11
4746000|25.9549|1|2024-04-29 00:17:11
4740000|0.069|0|2024-04-29 00:17:16
4739000|0.1038|0|2024-04-29 00:17:16
4738000|20.7526|0|2024-04-29 00:17:16
4736000|3.0021|0|2024-04-29 00:17:16
4735000|8.7665|0|2024-04-29 00:17:16
4741000|6.7013|1|2024-04-29 00:17:16
4742000|4.564|1|2024-04-29 00:17:16
4744000|3.6272|1|2024-04-29 00:17:16
4745000|3.335|1|2024-04-29 00:17:16
4746000|25.9549|1|2024-04-29 00:17:16
4739000|0.1038|0|2024-04-29 00:17:21
4738000|18.6465|0|2024-04-29 00:17:21
4737000|5.1057|0|2024-04-29 00:17:21
4736000|3.0371|0|2024-04-29 00:17:21
4735000|8.7665|0|2024-04-29 00:17:21
4740000|4.3869|1|2024-04-29 00:17:21
4741000|2.86|1|2024-04-29 00:17:21
4742000|1.004|1|2024-04-29 00:17:21
4743000|3.56|1|2024-04-29 00:17:21
4744000|0.0672|1|2024-04-29 00:17:21
4739000|0.1038|0|2024-04-29 00:17:26
4738000|0.0865|0|2024-04-29 00:17:26
4737000|6.56|0|2024-04-29 00:17:26
4736000|18.0371|0|2024-04-29 00:17:26
4735000|7.56|0|2024-04-29 00:17:26
4740000|3.8413|1|2024-04-29 00:17:26
4741000|2.86|1|2024-04-29 00:17:26
4742000|4.564|1|2024-04-29 00:17:26
4744000|3.6272|1|2024-04-29 00:17:26
4745000|4.542|1|2024-04-29 00:17:26
4738000|0.0865|0|2024-04-29 00:17:31
4736000|18.0021|0|2024-04-29 00:17:31
4735000|3.0|0|2024-04-29 00:17:31
4734000|4.468|0|2024-04-29 00:17:31
4733000|5.9942|0|2024-04-29 00:17:31
4739000|0.4418|1|2024-04-29 00:17:31
4740000|3.8413|1|2024-04-29 00:17:31
4741000|2.86|1|2024-04-29 00:17:31
4742000|1.0712|1|2024-04-29 00:17:31
4744000|7.7669|1|2024-04-29 00:17:31
4738000|0.0865|0|2024-04-29 00:17:36
4736000|0.0021|0|2024-04-29 00:17:36
4735000|18.0|0|2024-04-29 00:17:36
4734000|3.0211|0|2024-04-29 00:17:36
4733000|7.5831|0|2024-04-29 00:17:36
4739000|4.0771|1|2024-04-29 00:17:36
4740000|0.005|1|2024-04-29 00:17:36
4741000|6.42|1|2024-04-29 00:17:36
4742000|4.6312|1|2024-04-29 00:17:36
4743000|1.2071|1|2024-04-29 00:17:36
4738000|0.0865|0|2024-04-29 00:17:41
4736000|2.1082|0|2024-04-29 00:17:41
4735000|18.0|0|2024-04-29 00:17:41
4734000|3.0211|0|2024-04-29 00:17:41
4733000|7.5811|0|2024-04-29 00:17:41
4739000|4.0771|1|2024-04-29 00:17:41
4740000|3.565|1|2024-04-29 00:17:41
4741000|2.86|1|2024-04-29 00:17:41
4742000|4.6312|1|2024-04-29 00:17:41
4743000|1.2071|1|2024-04-29 00:17:41
4736000|2.1082|0|2024-04-29 00:17:46
4735000|18.0|0|2024-04-29 00:17:46
4734000|3.0561|0|2024-04-29 00:17:46
4733000|7.5831|0|2024-04-29 00:17:46
4732000|2.5448|0|2024-04-29 00:17:46
4738000|6.7547|1|2024-04-29 00:17:46
4739000|0.2358|1|2024-04-29 00:17:46
4740000|3.565|1|2024-04-29 00:17:46
4741000|2.86|1|2024-04-29 00:17:46
4742000|4.6312|1|2024-04-29 00:17:46
4736000|5.6682|0|2024-04-29 00:17:51
4735000|18.0|0|2024-04-29 00:17:51
4734000|3.0561|0|2024-04-29 00:17:51
4733000|9.1244|0|2024-04-29 00:17:51
4732000|6.33|0|2024-04-29 00:17:51
4738000|6.4901|1|2024-04-29 00:17:51
4739000|0.2358|1|2024-04-29 00:17:51
4740000|3.565|1|2024-04-29 00:17:51
4741000|2.86|1|2024-04-29 00:17:51
4742000|4.6312|1|2024-04-29 00:17:51
4736000|8.6682|0|2024-04-29 00:17:56
4735000|18.0|0|2024-04-29 00:17:56
4734000|7.6161|0|2024-04-29 00:17:56
4733000|4.3588|0|2024-04-29 00:17:56
4732000|6.332|0|2024-04-29 00:17:56
4738000|5.8745|1|2024-04-29 00:17:56
4740000|3.565|1|2024-04-29 00:17:56
4741000|2.86|1|2024-04-29 00:17:56
4742000|4.6312|1|2024-04-29 00:17:56
4744000|78.0803|1|2024-04-29 00:17:56
4736000|8.6682|0|2024-04-29 00:18:01
4735000|18.0|0|2024-04-29 00:18:01
4734000|7.6161|0|2024-04-29 00:18:01
4733000|5.5656|0|2024-04-29 00:18:01
4732000|6.33|0|2024-04-29 00:18:01
4738000|5.7903|1|2024-04-29 00:18:01
4740000|0.005|1|2024-04-29 00:18:01
4741000|2.86|1|2024-04-29 00:18:01
4742000|4.6312|1|2024-04-29 00:18:01
4744000|21.3309|1|2024-04-29 00:18:01
4736000|6.56|0|2024-04-29 00:18:06
4735000|20.1061|0|2024-04-29 00:18:06
4734000|7.6161|0|2024-04-29 00:18:06
4733000|4.3588|0|2024-04-29 00:18:06
4732000|6.332|0|2024-04-29 00:18:06
4738000|5.7095|1|2024-04-29 00:18:06
4740000|0.005|1|2024-04-29 00:18:06
4741000|6.42|1|2024-04-29 00:18:06
4742000|4.6312|1|2024-04-29 00:18:06
4744000|21.3309|1|2024-04-29 00:18:06
4736000|6.56|0|2024-04-29 00:18:11
4735000|18.0|0|2024-04-29 00:18:11
4734000|7.6161|0|2024-04-29 00:18:11
4733000|4.0231|0|2024-04-29 00:18:11
4732000|6.332|0|2024-04-29 00:18:11
4738000|5.7145|1|2024-04-29 00:18:11
4740000|0.005|1|2024-04-29 00:18:11
4741000|3.6887|1|2024-04-29 00:18:11
4742000|3.6312|1|2024-04-29 00:18:11
4744000|21.3309|1|2024-04-29 00:18:11
4736000|6.5169|0|2024-04-29 00:18:16
4735000|20.1061|0|2024-04-29 00:18:16
4734000|7.6161|0|2024-04-29 00:18:16
4733000|5.23|0|2024-04-29 00:18:16
4732000|6.6683|0|2024-04-29 00:18:16
4738000|3.5445|1|2024-04-29 00:18:16
4740000|0.005|1|2024-04-29 00:18:16
4741000|3.6887|1|2024-04-29 00:18:16
4742000|3.6312|1|2024-04-29 00:18:16
4744000|21.6659|1|2024-04-29 00:18:16
4736000|22.5169|0|2024-04-29 00:18:20
4735000|20.1061|0|2024-04-29 00:18:20
4734000|7.6161|0|2024-04-29 00:18:20
4733000|4.3588|0|2024-04-29 00:18:20
4732000|6.332|0|2024-04-29 00:18:20
4738000|3.8463|1|2024-04-29 00:18:20
4740000|0.005|1|2024-04-29 00:18:20
4741000|3.6887|1|2024-04-29 00:18:20
4742000|3.6312|1|2024-04-29 00:18:20
4744000|21.3309|1|2024-04-29 00:18:20
4736000|22.5169|0|2024-04-29 00:18:25
4735000|20.1065|0|2024-04-29 00:18:25
4734000|7.6161|0|2024-04-29 00:18:25
4733000|5.5636|0|2024-04-29 00:18:25
4732000|6.33|0|2024-04-29 00:18:25
4738000|3.5445|1|2024-04-29 00:18:25
4740000|0.005|1|2024-04-29 00:18:25
4741000|3.6887|1|2024-04-29 00:18:25
4742000|3.6312|1|2024-04-29 00:18:25
4744000|21.3309|1|2024-04-29 00:18:25
4737000|0.2736|0|2024-04-29 00:18:30
4736000|23.0288|0|2024-04-29 00:18:30
4735000|18.0|0|2024-04-29 00:18:30
4734000|8.8228|0|2024-04-29 00:18:30
4733000|4.3593|0|2024-04-29 00:18:30
4738000|3.5445|1|2024-04-29 00:18:30
4740000|0.005|1|2024-04-29 00:18:30
4741000|3.6887|1|2024-04-29 00:18:30
4742000|3.6312|1|2024-04-29 00:18:30
4744000|21.3309|1|2024-04-29 00:18:30
4737000|2.2735|0|2024-04-29 00:18:35
4736000|25.1353|0|2024-04-29 00:18:35
4735000|18.56|0|2024-04-29 00:18:35
4734000|1.0561|0|2024-04-29 00:18:35
4733000|1.8077|0|2024-04-29 00:18:35
4738000|0.4607|1|2024-04-29 00:18:35
4740000|0.005|1|2024-04-29 00:18:35
4741000|0.1287|1|2024-04-29 00:18:35
4742000|3.6312|1|2024-04-29 00:18:35
4743000|0.1382|1|2024-04-29 00:18:35
4738000|4.7078|0|2024-04-29 00:18:40
4737000|1.6761|0|2024-04-29 00:18:40
4736000|23.3319|0|2024-04-29 00:18:40
4735000|16.0|0|2024-04-29 00:18:40
4734000|1.3569|0|2024-04-29 00:18:40
4740000|0.005|1|2024-04-29 00:18:40
4741000|0.1287|1|2024-04-29 00:18:40
4742000|0.004|1|2024-04-29 00:18:40
4743000|3.56|1|2024-04-29 00:18:40
4744000|0.1493|1|2024-04-29 00:18:40
4738000|4.7491|0|2024-04-29 00:18:45
4737000|5.6665|0|2024-04-29 00:18:45
4736000|21.2254|0|2024-04-29 00:18:45
4735000|16.3355|0|2024-04-29 00:18:45
4734000|1.0211|0|2024-04-29 00:18:45
4740000|0.5043|1|2024-04-29 00:18:45
4741000|0.1287|1|2024-04-29 00:18:45
4742000|0.004|1|2024-04-29 00:18:45
4744000|0.1493|1|2024-04-29 00:18:45
4745000|18.9856|1|2024-04-29 00:18:45
4739000|2.782|0|2024-04-29 00:18:50
4738000|23.842|0|2024-04-29 00:18:50
4737000|4.8955|0|2024-04-29 00:18:50
4736000|1.6304|0|2024-04-29 00:18:50
4735000|1.0|0|2024-04-29 00:18:50
4741000|0.117|1|2024-04-29 00:18:50
4742000|0.004|1|2024-04-29 00:18:50
4745000|3.56|1|2024-04-29 00:18:50
4746000|0.1509|1|2024-04-29 00:18:50
4747000|4.0054|1|2024-04-29 00:18:50
4740000|14.2284|0|2024-04-29 00:18:55
4739000|5.2145|0|2024-04-29 00:18:55
4738000|15.1751|0|2024-04-29 00:18:55
4737000|1.3358|0|2024-04-29 00:18:55
4736000|6.9604|0|2024-04-29 00:18:55
4741000|0.0|1|2024-04-29 00:18:55
4742000|0.004|1|2024-04-29 00:18:55
4745000|3.56|1|2024-04-29 00:18:55
4746000|0.1509|1|2024-04-29 00:18:55
4747000|18.561|1|2024-04-29 00:18:55
4740000|11.2284|0|2024-04-29 00:19:00
4739000|1.2091|0|2024-04-29 00:19:00
4738000|15.1751|0|2024-04-29 00:19:00
4737000|4.8958|0|2024-04-29 00:19:00
4736000|6.9604|0|2024-04-29 00:19:00
4741000|0.0|1|2024-04-29 00:19:00
4742000|0.004|1|2024-04-29 00:19:00
4744000|3.56|1|2024-04-29 00:19:00
4746000|0.1509|1|2024-04-29 00:19:00
4747000|18.561|1|2024-04-29 00:19:00
4741000|10.0417|0|2024-04-29 00:19:05
4740000|2.1162|0|2024-04-29 00:19:05
4739000|5.9747|0|2024-04-29 00:19:05
4738000|15.5104|0|2024-04-29 00:19:05
4737000|4.56|0|2024-04-29 00:19:05
4742000|0.004|1|2024-04-29 00:19:05
4744000|3.56|1|2024-04-29 00:19:05
4746000|3.7109|1|2024-04-29 00:19:05
4747000|15.001|1|2024-04-29 00:19:05
4748000|11.2117|1|2024-04-29 00:19:05
4742000|2.4133|0|2024-04-29 00:19:10
4741000|1.1903|0|2024-04-29 00:19:10
4740000|21.6762|0|2024-04-29 00:19:10
4739000|1.2091|0|2024-04-29 00:19:10
4738000|15.5104|0|2024-04-29 00:19:10
4744000|3.1456|1|2024-04-29 00:19:10
4746000|3.7109|1|2024-04-29 00:19:10
4747000|15.1032|1|2024-04-29 00:19:10
4748000|11.2117|1|2024-04-29 00:19:10
4749000|4.44|1|2024-04-29 00:19:10
4742000|8.4968|0|2024-04-29 00:19:15
4741000|1.1903|0|2024-04-29 00:19:15
4740000|18.1162|0|2024-04-29 00:19:15
4739000|2.4146|0|2024-04-29 00:19:15
4738000|19.0704|0|2024-04-29 00:19:15
4745000|3.56|1|2024-04-29 00:19:15
4746000|1.6056|1|2024-04-29 00:19:15
4747000|18.6632|1|2024-04-29 00:19:15
4748000|5.8817|1|2024-04-29 00:19:15
4749000|4.44|1|2024-04-29 00:19:15
4742000|8.4968|0|2024-04-29 00:19:20
4741000|1.1903|0|2024-04-29 00:19:20
4740000|18.1162|0|2024-04-29 00:19:20
4739000|0.2091|0|2024-04-29 00:19:20
4738000|19.0704|0|2024-04-29 00:19:20
4744000|3.0|1|2024-04-29 00:19:20
4745000|3.57|1|2024-04-29 00:19:20
4747000|18.6632|1|2024-04-29 00:19:20
4748000|5.8817|1|2024-04-29 00:19:20
4749000|4.438|1|2024-04-29 00:19:20
4742000|8.4968|0|2024-04-29 00:19:25
4741000|1.1903|0|2024-04-29 00:19:25
4740000|16.0105|0|2024-04-29 00:19:25
4739000|0.2091|0|2024-04-29 00:19:25
4738000|0.1751|0|2024-04-29 00:19:25
4744000|3.0|1|2024-04-29 00:19:25
4745000|1.6156|1|2024-04-29 00:19:25
4746000|3.56|1|2024-04-29 00:19:25
4747000|18.1032|1|2024-04-29 00:19:25
4748000|13.7523|1|2024-04-29 00:19:25
4742000|8.4947|0|2024-04-29 00:19:30
4741000|1.1903|0|2024-04-29 00:19:30
4740000|16.0105|0|2024-04-29 00:19:30
4739000|0.2091|0|2024-04-29 00:19:30
4738000|3.7351|0|2024-04-29 00:19:30
4743000|3.56|1|2024-04-29 00:19:30
4744000|6.56|1|2024-04-29 00:19:30
4745000|0.01|1|2024-04-29 00:19:30
4747000|18.1032|1|2024-04-29 00:19:30
4748000|13.7523|1|2024-04-29 00:19:30
4742000|5.4947|0|2024-04-29 00:19:35
4741000|1.1903|0|2024-04-29 00:19:35
4740000|16.0105|0|2024-04-29 00:19:35
4739000|0.2091|0|2024-04-29 00:19:35
4738000|3.7351|0|2024-04-29 00:19:35
4743000|3.56|1|2024-04-29 00:19:35
4744000|6.56|1|2024-04-29 00:19:35
4745000|0.01|1|2024-04-29 00:19:35
4747000|18.1032|1|2024-04-29 00:19:35
4748000|13.7523|1|2024-04-29 00:19:35
4742000|5.4947|0|2024-04-29 00:19:40
4741000|0.0413|0|2024-04-29 00:19:40
4740000|16.0105|0|2024-04-29 00:19:40
4739000|0.2091|0|2024-04-29 00:19:40
4738000|3.56|0|2024-04-29 00:19:40
4743000|3.56|1|2024-04-29 00:19:40
4744000|3.56|1|2024-04-29 00:19:40
4745000|0.01|1|2024-04-29 00:19:40
4747000|18.1032|1|2024-04-29 00:19:40
4748000|13.7523|1|2024-04-29 00:19:40
4741000|0.0413|0|2024-04-29 00:19:45
4740000|16.0105|0|2024-04-29 00:19:45
4739000|0.2091|0|2024-04-29 00:19:45
4738000|3.56|0|2024-04-29 00:19:45
4737000|17.206|0|2024-04-29 00:19:45
4743000|5.0652|1|2024-04-29 00:19:45
4744000|3.56|1|2024-04-29 00:19:45
4745000|0.01|1|2024-04-29 00:19:45
4747000|18.1032|1|2024-04-29 00:19:45
4748000|13.7523|1|2024-04-29 00:19:45
4741000|0.0413|0|2024-04-29 00:19:50
4740000|33.1162|0|2024-04-29 00:19:50
4739000|0.2091|0|2024-04-29 00:19:50
4738000|1.2056|0|2024-04-29 00:19:50
4737000|4.8959|0|2024-04-29 00:19:50
4743000|1.5052|1|2024-04-29 00:19:50
4745000|0.01|1|2024-04-29 00:19:50
4746000|5.1914|1|2024-04-29 00:19:50
4747000|3.1032|1|2024-04-29 00:19:50
4748000|11.2117|1|2024-04-29 00:19:50
4741000|0.0|0|2024-04-29 00:19:55
4740000|33.1162|0|2024-04-29 00:19:55
4739000|1.7499|0|2024-04-29 00:19:55
4738000|4.56|0|2024-04-29 00:19:55
4737000|1.0|0|2024-04-29 00:19:55
4742000|4.2424|1|2024-04-29 00:19:55
4745000|0.01|1|2024-04-29 00:19:55
4746000|1.6259|1|2024-04-29 00:19:55
4747000|3.6632|1|2024-04-29 00:19:55
4748000|20.8817|1|2024-04-29 00:19:55
4741000|0.0|0|2024-04-29 00:20:00
4740000|33.1162|0|2024-04-29 00:20:00
4739000|1.4145|0|2024-04-29 00:20:00
4738000|4.8956|0|2024-04-29 00:20:00
4737000|1.0|0|2024-04-29 00:20:00
4742000|3.3581|1|2024-04-29 00:20:00
4745000|3.57|1|2024-04-29 00:20:00
4747000|3.6632|1|2024-04-29 00:20:00
4748000|20.8817|1|2024-04-29 00:20:00
4749000|4.44|1|2024-04-29 00:20:00
4741000|0.0|0|2024-04-29 00:20:05
4740000|31.0105|0|2024-04-29 00:20:05
4739000|3.5206|0|2024-04-29 00:20:05
4738000|4.8956|0|2024-04-29 00:20:05
4737000|1.0|0|2024-04-29 00:20:05
4742000|1.5051|1|2024-04-29 00:20:05
4745000|3.57|1|2024-04-29 00:20:05
4746000|1.6257|1|2024-04-29 00:20:05
4747000|3.6632|1|2024-04-29 00:20:05
4748000|20.8817|1|2024-04-29 00:20:05
4740000|31.9107|0|2024-04-29 00:20:10
4739000|3.5206|0|2024-04-29 00:20:10
4738000|4.8956|0|2024-04-29 00:20:10
4737000|1.0|0|2024-04-29 00:20:10
4736000|1.4481|0|2024-04-29 00:20:10
4741000|2.37|1|2024-04-29 00:20:10
4745000|3.57|1|2024-04-29 00:20:10
4746000|1.6408|1|2024-04-29 00:20:10
4747000|3.561|1|2024-04-29 00:20:10
4748000|20.8837|1|2024-04-29 00:20:10
4740000|19.5802|0|2024-04-29 00:20:15
4739000|18.5202|0|2024-04-29 00:20:15
4738000|4.8956|0|2024-04-29 00:20:15
4737000|1.0|0|2024-04-29 00:20:15
4736000|1.4481|0|2024-04-29 00:20:15
4741000|1.0395|1|2024-04-29 00:20:15
4744000|1.6408|1|2024-04-29 00:20:15
4745000|3.57|1|2024-04-29 00:20:15
4747000|3.561|1|2024-04-29 00:20:15
4748000|20.8817|1|2024-04-29 00:20:15
4740000|18.6863|0|2024-04-29 00:20:19
4739000|4.1046|0|2024-04-29 00:20:19
4738000|19.56|0|2024-04-29 00:20:19
4737000|1.0|0|2024-04-29 00:20:19
4736000|1.4481|0|2024-04-29 00:20:19
4741000|0.7036|1|2024-04-29 00:20:19
4744000|3.56|1|2024-04-29 00:20:19
4745000|1.6672|1|2024-04-29 00:20:19
4746000|3.56|1|2024-04-29 00:20:19
4747000|15.001|1|2024-04-29 00:20:19
4740000|16.578|0|2024-04-29 00:20:24
4739000|3.7691|0|2024-04-29 00:20:24
4738000|19.56|0|2024-04-29 00:20:24
4737000|1.0|0|2024-04-29 00:20:24
4736000|1.4481|0|2024-04-29 00:20:24
4741000|0.3932|1|2024-04-29 00:20:24
4745000|1.6672|1|2024-04-29 00:20:24
4746000|3.56|1|2024-04-29 00:20:24
4747000|15.001|1|2024-04-29 00:20:24
4748000|11.6411|1|2024-04-29 00:20:24
4740000|18.6841|0|2024-04-29 00:20:29
4739000|3.7691|0|2024-04-29 00:20:29
4738000|19.56|0|2024-04-29 00:20:29
4737000|1.336|0|2024-04-29 00:20:29
4736000|1.4481|0|2024-04-29 00:20:29
4741000|0.3932|1|2024-04-29 00:20:29
4745000|1.6682|1|2024-04-29 00:20:29
4746000|3.56|1|2024-04-29 00:20:29
4747000|15.001|1|2024-04-29 00:20:29
4748000|11.6431|1|2024-04-29 00:20:29
4740000|16.0198|0|2024-04-29 00:20:34
4739000|0.2091|0|2024-04-29 00:20:34
4738000|16.0|0|2024-04-29 00:20:34
4737000|1.0|0|2024-04-29 00:20:34
4736000|1.4481|0|2024-04-29 00:20:34
4741000|0.0|1|2024-04-29 00:20:34
4745000|0.011|1|2024-04-29 00:20:34
4746000|0.001|1|2024-04-29 00:20:34
4747000|1.6557|1|2024-04-29 00:20:34
4748000|21.3131|1|2024-04-29 00:20:34
4742000|3.56|0|2024-04-29 00:20:39
4741000|2.1057|0|2024-04-29 00:20:39
4740000|16.009|0|2024-04-29 00:20:39
4739000|1.2091|0|2024-04-29 00:20:39
4738000|21.33|0|2024-04-29 00:20:39
4745000|0.011|1|2024-04-29 00:20:39
4746000|0.001|1|2024-04-29 00:20:39
4747000|5.319|1|2024-04-29 00:20:39
4748000|17.8837|1|2024-04-29 00:20:39
4749000|7.0|1|2024-04-29 00:20:39
4742000|6.2295|0|2024-04-29 00:20:44
4740000|17.7792|0|2024-04-29 00:20:44
4739000|1.5446|0|2024-04-29 00:20:44
4738000|21.33|0|2024-04-29 00:20:44
4737000|1.4364|0|2024-04-29 00:20:44
4743000|3.0|1|2024-04-29 00:20:44
4745000|0.011|1|2024-04-29 00:20:44
4746000|0.001|1|2024-04-29 00:20:44
4747000|1.7547|1|2024-04-29 00:20:44
4748000|17.8847|1|2024-04-29 00:20:44
4742000|6.2295|0|2024-04-29 00:20:49
4741000|1.5118|0|2024-04-29 00:20:49
4740000|17.7792|0|2024-04-29 00:20:49
4739000|1.5446|0|2024-04-29 00:20:49
4738000|21.33|0|2024-04-29 00:20:49
4743000|3.0|1|2024-04-29 00:20:49
4745000|0.011|1|2024-04-29 00:20:49
4746000|3.561|1|2024-04-29 00:20:49
4747000|1.7547|1|2024-04-29 00:20:49
4748000|17.8847|1|2024-04-29 00:20:49
4742000|3.2295|0|2024-04-29 00:20:54
4741000|4.6175|0|2024-04-29 00:20:54
4740000|14.4685|0|2024-04-29 00:20:54
4739000|1.5446|0|2024-04-29 00:20:54
4738000|21.33|0|2024-04-29 00:20:54
4743000|3.0|1|2024-04-29 00:20:54
4745000|0.011|1|2024-04-29 00:20:54
4746000|3.561|1|2024-04-29 00:20:54
4747000|1.7547|1|2024-04-29 00:20:54
4748000|17.8847|1|2024-04-29 00:20:54
4742000|2.6695|0|2024-04-29 00:20:59
4741000|7.2766|0|2024-04-29 00:20:59
4740000|26.2439|0|2024-04-29 00:20:59
4739000|4.7691|0|2024-04-29 00:20:59
4738000|1.0|0|2024-04-29 00:20:59
4743000|0.8943|1|2024-04-29 00:20:59
4745000|0.011|1|2024-04-29 00:20:59
4746000|3.561|1|2024-04-29 00:20:59
4747000|1.7547|1|2024-04-29 00:20:59
4748000|21.4427|1|2024-04-29 00:20:59
4742000|2.6695|0|2024-04-29 00:21:04
4741000|8.5128|0|2024-04-29 00:21:04
4740000|25.9085|0|2024-04-29 00:21:04
4739000|4.7691|0|2024-04-29 00:21:04
4738000|1.0|0|2024-04-29 00:21:04
4743000|0.3337|1|2024-04-29 00:21:04
4745000|0.011|1|2024-04-29 00:21:04
4746000|3.561|1|2024-04-29 00:21:04
4747000|1.7547|1|2024-04-29 00:21:04
4748000|21.4447|1|2024-04-29 00:21:04
4742000|0.1011|0|2024-04-29 00:21:09
4741000|3.1057|0|2024-04-29 00:21:09
4740000|14.7391|0|2024-04-29 00:21:09
4739000|15.5447|0|2024-04-29 00:21:09
4738000|4.56|0|2024-04-29 00:21:09
4743000|0.2706|1|2024-04-29 00:21:09
4745000|3.571|1|2024-04-29 00:21:09
4746000|1.6883|1|2024-04-29 00:21:09
4747000|3.6643|1|2024-04-29 00:21:09
4748000|20.8827|1|2024-04-29 00:21:09
4742000|0.1222|0|2024-04-29 00:21:14
4741000|6.6657|0|2024-04-29 00:21:14
4740000|12.4491|0|2024-04-29 00:21:14
4739000|15.2091|0|2024-04-29 00:21:14
4738000|4.56|0|2024-04-29 00:21:14
4743000|0.266|1|2024-04-29 00:21:14
4745000|3.571|1|2024-04-29 00:21:14
4746000|1.6883|1|2024-04-29 00:21:14
4747000|3.6643|1|2024-04-29 00:21:14
4748000|20.8847|1|2024-04-29 00:21:14
4741000|3.1057|0|2024-04-29 00:21:19
4740000|11.2441|0|2024-04-29 00:21:19
4739000|15.2091|0|2024-04-29 00:21:19
4738000|4.56|0|2024-04-29 00:21:19
4737000|1.0|0|2024-04-29 00:21:19
4742000|0.7088|1|2024-04-29 00:21:19
4743000|0.266|1|2024-04-29 00:21:19
4745000|0.011|1|2024-04-29 00:21:19
4746000|0.001|1|2024-04-29 00:21:19
4747000|1.7937|1|2024-04-29 00:21:19
4742000|1.3419|0|2024-04-29 00:21:24
4741000|5.358|0|2024-04-29 00:21:24
4740000|11.244|0|2024-04-29 00:21:24
4739000|19.2124|0|2024-04-29 00:21:24
4738000|1.0|0|2024-04-29 00:21:24
4743000|0.266|1|2024-04-29 00:21:24
4745000|0.011|1|2024-04-29 00:21:24
4746000|3.561|1|2024-04-29 00:21:24
4747000|1.7937|1|2024-04-29 00:21:24
4748000|24.4447|1|2024-04-29 00:21:24
4742000|0.8795|0|2024-04-29 00:21:29
4741000|7.6434|0|2024-04-29 00:21:29
4740000|10.9085|0|2024-04-29 00:21:29
4739000|19.2124|0|2024-04-29 00:21:29
4738000|1.0|0|2024-04-29 00:21:29
4743000|0.266|1|2024-04-29 00:21:29
4745000|0.011|1|2024-04-29 00:21:29
4746000|3.561|1|2024-04-29 00:21:29
4747000|1.7937|1|2024-04-29 00:21:29
4748000|21.4447|1|2024-04-29 00:21:29
4742000|0.8795|0|2024-04-29 00:21:34
4741000|4.8952|0|2024-04-29 00:21:34
4740000|10.9085|0|2024-04-29 00:21:34
4739000|4.2124|0|2024-04-29 00:21:34
4738000|1.0|0|2024-04-29 00:21:34
4743000|0.2671|1|2024-04-29 00:21:34
4745000|1.7073|1|2024-04-29 00:21:34
4746000|3.561|1|2024-04-29 00:21:34
4747000|0.1043|1|2024-04-29 00:21:34
4748000|24.4427|1|2024-04-29 00:21:34
4742000|0.6513|0|2024-04-29 00:21:39
4741000|6.6657|0|2024-04-29 00:21:39
4740000|12.1136|0|2024-04-29 00:21:39
4739000|4.5477|0|2024-04-29 00:21:39
4738000|1.0|0|2024-04-29 00:21:39
4743000|0.2671|1|2024-04-29 00:21:39
4745000|0.011|1|2024-04-29 00:21:39
4746000|0.001|1|2024-04-29 00:21:39
4747000|1.801|1|2024-04-29 00:21:39
4748000|24.4447|1|2024-04-29 00:21:39
4742000|5.6657|0|2024-04-29 00:21:44
4741000|2.5773|0|2024-04-29 00:21:44
4740000|26.2437|0|2024-04-29 00:21:44
4739000|4.2124|0|2024-04-29 00:21:44
4738000|1.0|0|2024-04-29 00:21:44
4746000|3.561|1|2024-04-29 00:21:44
4747000|1.6988|1|2024-04-29 00:21:44
4748000|24.4427|1|2024-04-29 00:21:44
4749000|4.0423|1|2024-04-29 00:21:44
4750000|11.3001|1|2024-04-29 00:21:44
4742000|5.6652|0|2024-04-29 00:21:49
4741000|6.3421|0|2024-04-29 00:21:49
4740000|26.244|0|2024-04-29 00:21:49
4739000|0.6524|0|2024-04-29 00:21:49
4738000|1.0|0|2024-04-29 00:21:49
4744000|3.0|1|2024-04-29 00:21:49
4747000|1.6988|1|2024-04-29 00:21:49
4748000|24.4427|1|2024-04-29 00:21:49
4749000|4.0443|1|2024-04-29 00:21:49
4750000|11.3021|1|2024-04-29 00:21:49
4742000|4.1351|0|2024-04-29 00:21:54
4741000|7.12|0|2024-04-29 00:21:54
4740000|25.9085|0|2024-04-29 00:21:54
4739000|1.6524|0|2024-04-29 00:21:54
4738000|1.0|0|2024-04-29 00:21:54
4744000|0.8912|1|2024-04-29 00:21:54
4747000|0.0021|1|2024-04-29 00:21:54
